[{"user_id":6920,"adult":"False","belongs_to_collection":null,"genres":"[{'id': 35, 'name': 'Comedy'}]","id":"35217","imdb_id":"tt1247657","original_language":"de","original_title":"Friendship!","overview":"A young man from East Germany travels to San Francisco to search for his father, who fled 12 years ago. Together with his best friend, he starts the journey from New York with no money and the only word they ever learned in english-lessons: \"friendship\".","popularity":"2.631214","production_companies":"[{'name': 'Mr. Brown Entertainment Filmproduction GmbH (Potsdam)', 'id': 107}, {'name': 'SevenPictures', 'id': 331}, {'name': 'Wiedemann & Berg Filmproduktion', 'id': 336}, {'name': 'Deutsche Columbia TriStar Filmproduktion', 'id': 1624}, {'name': 'barefoot films', 'id': 1989}, {'name': 'Sony Pictures Releasing', 'id': 3045}]","production_countries":"[{'iso_3166_1': 'DE', 'name': 'Germany'}, {'iso_3166_1': 'US', 'name': 'United States of America'}]","release_date":"2010-01-13","revenue":0.0,"status":"Released","title":"Friendship!","vote_average":6.6,"vote_count":57.0,"dt_current_timestamp":1621342641810},{"user_id":3978,"adult":"False","belongs_to_collection":null,"genres":"[]","id":"38913","imdb_id":"tt1233198","original_language":"en","original_title":"En Forelskelse","overview":"Carsten is dating Melissa, who introduces him to her parents. On a camping trip with Melissa's family, Carsten finds that he shares a secret with Melissa's father.","popularity":"0.407417","production_companies":"[]","production_countries":"[]","release_date":"2008-04-29","revenue":0.0,"status":"Released","title":"Awakening","vote_average":7.5,"vote_count":2.0,"dt_current_timestamp":1621342641810},{"user_id":6764,"adult":"False","belongs_to_collection":null,"genres":"[{'id': 10402, 'name': 'Music'}, {'id': 35, 'name': 'Comedy'}]","id":"17126","imdb_id":"tt0096037","original_language":"en","original_title":"Satisfaction","overview":"When a young rock group called The Mystery gets its first gig at a club, it's an opportunity to see what life is all about! Fresh out of high school, the rockers are hired by an exclusive beach resort thanks to a faded '60s songwriter. There, they meet with romance and adventure. But street-smart lead singer Jennie Lee faces a dilemma: pursue her budding career or finish high school.","popularity":"1.502936","production_companies":"[{'name': 'Twentieth Century Fox Film Corporation', 'id': 306}, {'name': 'National Broadcasting Company (NBC)', 'id': 7929}]","production_countries":"[{'iso_3166_1': 'US', 'name': 'United States of America'}]","release_date":"1988-02-12","revenue":8.0,"status":"Released","title":"Satisfaction","vote_average":4.5,"vote_count":17.0,"dt_current_timestamp":1621342641810},{"user_id":195,"adult":"False","belongs_to_collection":null,"genres":"[{'id': 18, 'name': 'Drama'}]","id":"259690","imdb_id":"tt1185253","original_language":"hr","original_title":"Kino Lika","overview":"A godforsaken mountain village is the only home that a young football player, a miser peasant and a fat girl have. This isolated part of the country finds itself in the middle of the referendum for or against the EU. Our characters couldn't care less - they are absorbed in their problems. The young football player who accidentally killed his mother doesn't want to join a rich foreign football team and is willing to risk his father's love because of it. The lonely fat girl is so desperate for a friend and for a lover that she will end up seeking both in the pig-sty. The miser peasant will find out that the real misery is in loneliness.","popularity":"0.067152","production_companies":"[{'name': 'Hrvatska Radiotelevizija (HRT)', 'id': 20915}, {'name': 'Kinorama', 'id': 20916}]","production_countries":"[{'iso_3166_1': 'HR', 'name': 'Croatia'}]","release_date":"2008-07-20","revenue":0.0,"status":"Released","title":"The Lika Cinema","vote_average":4.0,"vote_count":1.0,"dt_current_timestamp":1621342641810},{"user_id":9538,"adult":"False","belongs_to_collection":null,"genres":"[]","id":"120672","imdb_id":"tt0015224","original_language":"en","original_title":"Peter Pan","overview":"Childrens' adventures in Neverland.","popularity":"0.271782","production_companies":"[]","production_countries":"[]","release_date":"1924-12-29","revenue":0.0,"status":"Released","title":"Peter Pan","vote_average":6.0,"vote_count":3.0,"dt_current_timestamp":1621342641810},{"user_id":7662,"adult":"False","belongs_to_collection":"{'id': 528, 'name': 'The Terminator Collection', 'poster_path': '\/vxiKtcxAJxHhlg2H1X8y7zcM3k6.jpg', 'backdrop_path': '\/cpmbkwSxZnKO69V82A9a34tvk2E.jpg'}","genres":"[{'id': 28, 'name': 'Action'}, {'id': 53, 'name': 'Thriller'}, {'id': 878, 'name': 'Science Fiction'}]","id":"296","imdb_id":"tt0181852","original_language":"en","original_title":"Terminator 3: Rise of the Machines","overview":"It's been 10 years since John Connor saved Earth from Judgment Day, and he's now living under the radar, steering clear of using anything Skynet can trace. That is, until he encounters T-X, a robotic assassin ordered to finish what T-1000 started. Good thing Connor's former nemesis, the Terminator, is back to aid the now-adult Connor \u2026 just like he promised.","popularity":"20.818907","production_companies":"[{'name': 'Columbia Pictures', 'id': 5}, {'name': 'Intermedia Films', 'id': 763}, {'name': 'Warner Bros.', 'id': 6194}, {'name': 'C-2 Pictures', 'id': 7340}, {'name': 'IMF Internationale Medien und Film GmbH & Co. 3. Produktions KG', 'id': 19116}, {'name': 'Mostow\/Lieberman Productions', 'id': 23636}]","production_countries":"[{'iso_3166_1': 'DE', 'name': 'Germany'}, {'iso_3166_1': 'GB', 'name': 'United Kingdom'}, {'iso_3166_1': 'US', 'name': 'United States of America'}]","release_date":"2003-07-02","revenue":435000000.0,"status":"Released","title":"Terminator 3: Rise of the Machines","vote_average":5.9,"vote_count":2177.0,"dt_current_timestamp":1621342641810},{"user_id":7046,"adult":"False","belongs_to_collection":null,"genres":"[{'id': 9648, 'name': 'Mystery'}, {'id': 53, 'name': 'Thriller'}]","id":"105056","imdb_id":"tt0061594","original_language":"en","original_title":"The Double Man","overview":"In a complex piece of espionage the Russian secret service attempts to kidnap a high ranking officer in the CIA and replace him with a double of its own.","popularity":"1.551225","production_companies":"[{'name': 'Warner Bros.', 'id': 6194}, {'name': 'Albion Film Corp. (I)', 'id': 19340}]","production_countries":"[{'iso_3166_1': 'GB', 'name': 'United Kingdom'}]","release_date":"1967-04-25","revenue":0.0,"status":"Released","title":"The Double Man","vote_average":5.8,"vote_count":4.0,"dt_current_timestamp":1621342641810},{"user_id":9111,"adult":"False","belongs_to_collection":null,"genres":"[{'id': 35, 'name': 'Comedy'}, {'id': 18, 'name': 'Drama'}]","id":"11936","imdb_id":"tt0080539","original_language":"it","original_title":"La citt\u00e0 delle donne","overview":"A businessman finds himself trapped at a hotel and threatened by women en masse.","popularity":"2.146237","production_companies":"[]","production_countries":"[{'iso_3166_1': 'FR', 'name': 'France'}, {'iso_3166_1': 'IT', 'name': 'Italy'}]","release_date":"1980-03-28","revenue":0.0,"status":"Released","title":"City of Women","vote_average":6.8,"vote_count":28.0,"dt_current_timestamp":1621342641810},{"user_id":3381,"adult":"False","belongs_to_collection":null,"genres":"[{'id': 99, 'name': 'Documentary'}]","id":"21843","imdb_id":"tt0427783","original_language":"en","original_title":"Riot On!","overview":"The year is 2000 and investors are going crazy about a new mobile phone company called Riot Entertainment. Many high profile companies, like Nokia, invest millions on this unknown firm. Two years later, when all the money has been spent and the company is bankrupt, the fun is over. What happened?","popularity":"0.816183","production_companies":"[{'name': 'Hakalax Productions', 'id': 4017}]","production_countries":"[{'iso_3166_1': 'FI', 'name': 'Finland'}]","release_date":"2004-11-12","revenue":0.0,"status":"Released","title":"Riot On!","vote_average":4.9,"vote_count":5.0,"dt_current_timestamp":1621342641810},{"user_id":6052,"adult":"False","belongs_to_collection":null,"genres":"[{'id': 27, 'name': 'Horror'}]","id":"77010","imdb_id":"tt0084357","original_language":"fr","original_title":"La morte vivante","overview":"A toxic spill revives a beautiful, dead heiress who, with the help of her childhood friend, must quench her insatiable thirst for blood","popularity":"1.605782","production_companies":"[{'name': 'Films A.B.C.', 'id': 7996}, {'name': 'Les Films du Yaka', 'id': 51320}, {'name': 'Les Films Aleriaz', 'id': 51321}]","production_countries":"[{'iso_3166_1': 'FR', 'name': 'France'}]","release_date":"1982-10-23","revenue":0.0,"status":"Released","title":"The Living Dead Girl","vote_average":6.0,"vote_count":18.0,"dt_current_timestamp":1621342641810},{"user_id":5601,"adult":"False","belongs_to_collection":null,"genres":"[{'id': 35, 'name': 'Comedy'}]","id":"442087","imdb_id":"tt6608034","original_language":"en","original_title":"Mike Birbiglia: Thank God for Jokes","overview":"Mike Birbiglia declares that a joke should never end with \"I\u2019m joking.\" In his all-new comedy, Birbiglia tiptoes hilariously through the minefield that is modern-day joke-telling. Join Mike as he learns that the same jokes that elicit laughter have the power to produce tears, rage, and a whole lot of getting yelled at. Ultimately it's a show that asks, \u201cHow far should we go for the laugh?\u201d","popularity":"0.63551","production_companies":"[{'name': 'Jax Media', 'id': 24021}, {'name': 'Netflix', 'id': 59811}, {'name': 'Secret Public Productions, Inc.', 'id': 87181}]","production_countries":"[{'iso_3166_1': 'US', 'name': 'United States of America'}]","release_date":"2017-02-28","revenue":0.0,"status":"Released","title":"Mike Birbiglia: Thank God for Jokes","vote_average":7.5,"vote_count":14.0,"dt_current_timestamp":1621342641810},{"user_id":2288,"adult":"False","belongs_to_collection":null,"genres":"[{'id': 18, 'name': 'Drama'}]","id":"117499","imdb_id":"tt0062681","original_language":"fi","original_title":"Asfalttilampaat","overview":null,"popularity":"0.036471","production_companies":"[{'name': 'FJ Filmi', 'id': 38212}]","production_countries":"[{'iso_3166_1': 'FI', 'name': 'Finland'}]","release_date":"1968-12-20","revenue":0.0,"status":"Released","title":"Asphalt Lambs","vote_average":7.0,"vote_count":1.0,"dt_current_timestamp":1621342641810},{"user_id":7376,"adult":"False","belongs_to_collection":null,"genres":"[{'id': 28, 'name': 'Action'}, {'id': 18, 'name': 'Drama'}, {'id': 27, 'name': 'Horror'}, {'id': 878, 'name': 'Science Fiction'}, {'id': 53, 'name': 'Thriller'}]","id":"47340","imdb_id":"tt0090915","original_language":"en","original_title":"Dead End Drive-In","overview":"In the near future, drive-in theatres are turned into concentration camps for the undesirable and unemployed. The prisoners don't really care to escape because they are fed and they have a place to live which is, in most cases, probably better than the outside. Crabs and his girlfriend Carmen are put into the camp and all Crabs wants to do is escape.","popularity":"1.054406","production_companies":"[{'name': 'New South Wales Film Corp.', 'id': 14590}, {'name': 'Springvale Productions', 'id': 23570}]","production_countries":"[{'iso_3166_1': 'AU', 'name': 'Australia'}]","release_date":"1986-08-13","revenue":0.0,"status":"Released","title":"Dead End Drive-In","vote_average":6.4,"vote_count":24.0,"dt_current_timestamp":1621342641810},{"user_id":5205,"adult":"False","belongs_to_collection":null,"genres":"[{'id': 35, 'name': 'Comedy'}]","id":"72955","imdb_id":"tt0097253","original_language":"ru","original_title":"\u0414\u0435\u0436\u0430 \u0412\u044e","overview":"The Prohibition years. Chicago bootleggers suffer losses due to their betrayal by one Mick Nich - Mikita Nichiporuk. The mob decides to execute the traitor, who escaped to Odessa, USSR, and organized his own bootleg business there. The hitman, Pollack, arrives in Odessa, and realizes how hard it is to make the hit here, as compared to a civilized country like USA.","popularity":"0.231954","production_companies":"[{'name': '\u041e\u0434\u0435\u0441\u0441\u043a\u0430\u044f \u043a\u0438\u043d\u043e\u0441\u0442\u0443\u0434\u0438\u044f', 'id': 11438}]","production_countries":"[{'iso_3166_1': 'UA', 'name': 'Ukraine'}, {'iso_3166_1': 'RU', 'name': 'Russia'}, {'iso_3166_1': 'PL', 'name': 'Poland'}]","release_date":"1989-04-18","revenue":0.0,"status":"Released","title":"D\u00e9j\u00e0 vu","vote_average":7.9,"vote_count":5.0,"dt_current_timestamp":1621342641810},{"user_id":354,"adult":"False","belongs_to_collection":null,"genres":"[{'id': 35, 'name': 'Comedy'}, {'id': 10749, 'name': 'Romance'}]","id":"43793","imdb_id":"tt0033832","original_language":"en","original_title":"Life Begins for Andy Hardy","overview":"With his high school graduation behind him, Andy Hardy decides that as an adult, it's time to start living his life. Judge Hardy had hoped that his son would go to college and study law, but Andy isn't sure that's what he wants to do so he heads off to New York City to find a job. Too proud to accept any help from Betsy Booth, Andy finds that living on his own isn't so easy. With perseverance he eventually finds a job and even gets to date the pretty receptionist in his office. He also has to face several of life's lessons leading him to conclude that he may still have a bit of growing up to do.","popularity":"0.215163","production_companies":"[{'name': 'Metro-Goldwyn-Mayer (MGM)', 'id': 8411}]","production_countries":"[{'iso_3166_1': 'US', 'name': 'United States of America'}]","release_date":"1941-08-15","revenue":0.0,"status":"Released","title":"Life Begins for Andy Hardy","vote_average":6.3,"vote_count":3.0,"dt_current_timestamp":1621342641810},{"user_id":5761,"adult":"False","belongs_to_collection":null,"genres":"[{'id': 10749, 'name': 'Romance'}, {'id': 35, 'name': 'Comedy'}]","id":"301229","imdb_id":"tt2369600","original_language":"en","original_title":"Muffin Top: A Love Story","overview":"\"Muffin Top: A Love Story\" is the story of Suzanne (Cathryn Michon) a Women's Studies Pop Culture professor at Malibu University, who studies images of women in the media for a living, and yet is made insecure by the constant parade of female perfection that is our airbrushed culture. She has been going through IVF treatments to get pregnant by her network executive husband (Diedrich Bader), but discovers on her birthday, that her husband has knocked up his younger, skinnier, co-worker (Haylie Duff) and wants a divorce. Happy Birthday! She goes on to find a more authentic version of who she really is, despite the delights of being suddenly single in Los Angeles, where low self-esteem for women is our number one export to the world.","popularity":"0.652875","production_companies":"[]","production_countries":"[]","release_date":"2014-10-18","revenue":0.0,"status":"Released","title":"Muffin Top: A Love Story","vote_average":4.4,"vote_count":6.0,"dt_current_timestamp":1621342641810},{"user_id":4188,"adult":"False","belongs_to_collection":null,"genres":"[{'id': 35, 'name': 'Comedy'}, {'id': 80, 'name': 'Crime'}, {'id': 18, 'name': 'Drama'}]","id":"13685","imdb_id":"tt0115734","original_language":"en","original_title":"Bottle Rocket","overview":"Upon his release from a mental hospital following a nervous breakdown, the directionless Anthony joins his friend Dignan, who seems far less sane than the former. Dignan has hatched a hair-brained scheme for an as-yet-unspecified crime spree that somehow involves his former boss, the (supposedly) legendary Mr. Henry.","popularity":"6.904831","production_companies":"[{'name': 'Gracie Films', 'id': 18}, {'name': 'Columbia Pictures Corporation', 'id': 441}]","production_countries":"[{'iso_3166_1': 'US', 'name': 'United States of America'}]","release_date":"1996-02-21","revenue":560069.0,"status":"Released","title":"Bottle Rocket","vote_average":6.8,"vote_count":285.0,"dt_current_timestamp":1621342641810},{"user_id":7849,"adult":"False","belongs_to_collection":null,"genres":"[{'id': 28, 'name': 'Action'}, {'id': 35, 'name': 'Comedy'}]","id":"31251","imdb_id":"tt0078778","original_language":"en","original_title":"Angels' Brigade","overview":"Six sexy women, and a teenage girl, devastate a right-wing militia before doing battle with ruthless drug pushers.","popularity":"0.992629","production_companies":"[{'name': 'Greydon Clark Productions', 'id': 30062}]","production_countries":"[{'iso_3166_1': 'US', 'name': 'United States of America'}]","release_date":"1979-01-01","revenue":0.0,"status":"Released","title":"Angels' Brigade","vote_average":3.4,"vote_count":9.0,"dt_current_timestamp":1621342641810},{"user_id":4730,"adult":"False","belongs_to_collection":"{'id': 77816, 'name': 'Kung Fu Panda Collection', 'poster_path': '\/2QT6PuYXY0T2Ry9rX0JKQYTrbwx.jpg', 'backdrop_path': '\/uDosHOFFWtF5YteBRygHALFqLw2.jpg'}","genres":"[{'id': 28, 'name': 'Action'}, {'id': 12, 'name': 'Adventure'}, {'id': 16, 'name': 'Animation'}, {'id': 35, 'name': 'Comedy'}, {'id': 10751, 'name': 'Family'}]","id":"140300","imdb_id":"tt2267968","original_language":"en","original_title":"Kung Fu Panda 3","overview":"Continuing his \"legendary adventures of awesomeness\", Po must face two hugely epic, but different threats: one supernatural and the other a little closer to his home.","popularity":"14.696548","production_companies":"[{'name': 'Twentieth Century Fox Film Corporation', 'id': 306}, {'name': 'DreamWorks Animation', 'id': 521}, {'name': 'China Film Co.', 'id': 40890}, {'name': 'Oriental DreamWorks', 'id': 76266}]","production_countries":"[{'iso_3166_1': 'CN', 'name': 'China'}, {'iso_3166_1': 'US', 'name': 'United States of America'}]","release_date":"2016-01-23","revenue":521170825.0,"status":"Released","title":"Kung Fu Panda 3","vote_average":6.7,"vote_count":1630.0,"dt_current_timestamp":1621342641810},{"user_id":914,"adult":"False","belongs_to_collection":null,"genres":"[{'id': 35, 'name': 'Comedy'}]","id":"79108","imdb_id":"tt1756750","original_language":"fr","original_title":"Starbuck","overview":"Starbuck is a 2011 Canadian comedy film directed by Ken Scott and written by Martin Petit and Ken Scott. The main character David Wozniak is a perpetual adolescent who discovers that, as a sperm donor, he has fathered 533 children. David, a deliveryman for a butcher shop, is being pursued by thugs because he owes them money. Next, he is advised that more than 100 of his offspring are trying to force the fertility clinic to reveal the true identity of \"Starbuck\", the pseudonym he used when donating sperm. In addition, his girlfriend Val\u00e9rie is pregnant with his child but doesn't feel that he is mature enough to be a father. Starbuck was screened at the Toronto International Film Festival on September 14 and 15, 2011. The film's title refers to a Canadian Holstein bull who produced hundreds of thousands of progeny by artificial insemination in the 1980s and 1990s.","popularity":"5.79967","production_companies":"[{'name': 'Caramel Film', 'id': 23108}]","production_countries":"[{'iso_3166_1': 'CA', 'name': 'Canada'}]","release_date":"2011-01-01","revenue":0.0,"status":"Released","title":"Starbuck","vote_average":6.8,"vote_count":165.0,"dt_current_timestamp":1621342641810},{"user_id":6964,"adult":"False","belongs_to_collection":null,"genres":"[{'id': 10752, 'name': 'War'}, {'id': 99, 'name': 'Documentary'}, {'id': 36, 'name': 'History'}]","id":"54720","imdb_id":"tt1038913","original_language":"en","original_title":"Killing Kasztner","overview":"How much should you negotiate with the enemy? In Israel, the debate over that question evoked fury to the point of assassination. Such was the case of Kasztner.  Dr Israel (Rezso) Kasztner, a Hungarian Jew who tried to rescue the last million Jews of Europe by negotiating face to face with Nazi leader Adolf Eichmann, was gunned down by another Jew who never set foot in Nazi Europe.  After 50 years, his assassin Ze'ev Eckstein breaks his silence on the fateful night he shot and killed Kasztner. (Storyville)","popularity":"0.004706","production_companies":"[{'name': 'GR Films', 'id': 87902}]","production_countries":"[{'iso_3166_1': 'US', 'name': 'United States of America'}]","release_date":"2008-10-01","revenue":0.0,"status":"Rumored","title":"Killing Kasztner","vote_average":0.0,"vote_count":0.0,"dt_current_timestamp":1621342641810},{"user_id":990,"adult":"False","belongs_to_collection":null,"genres":"[{'id': 18, 'name': 'Drama'}, {'id': 10749, 'name': 'Romance'}]","id":"27449","imdb_id":"tt0023775","original_language":"en","original_title":"Baby Face","overview":"A young woman uses her body and her sexuality to help her climb the social ladder, but soon begins to wonder if her new status will ever bring her happiness.","popularity":"3.363332","production_companies":"[{'name': 'Warner Bros.', 'id': 6194}]","production_countries":"[{'iso_3166_1': 'US', 'name': 'United States of America'}]","release_date":"1933-07-12","revenue":0.0,"status":"Released","title":"Baby Face","vote_average":6.9,"vote_count":30.0,"dt_current_timestamp":1621342641810},{"user_id":5160,"adult":"False","belongs_to_collection":null,"genres":"[{'id': 18, 'name': 'Drama'}]","id":"214210","imdb_id":"tt2991092","original_language":"fr","original_title":"Eastern Boys","overview":"They come from all over Eastern Europe: Russia, Romania, Chechnya. They are Eastern boys. The oldest appear no more than 25; as for the youngest, there is no way of telling their age. They hang around the Gare du Nord train station in Paris. They might be prostitutes, but there is no way of knowing for certain. Muller, a discreet man in his late fifties has his eye on one of them - Marek. One afternoon, Muller gathers his courage and speaks to him. The young man agrees to come visit Muller the following day, at his place. However the next day, when the doorbell rings, Muller doesn't have the faintest idea that he has fallen into a trap.","popularity":"2.569986","production_companies":"[{'name': 'Les Films de Pierre', 'id': 58568}]","production_countries":"[{'iso_3166_1': 'FR', 'name': 'France'}]","release_date":"2013-04-02","revenue":0.0,"status":"Released","title":"Eastern Boys","vote_average":6.4,"vote_count":39.0,"dt_current_timestamp":1621342641810},{"user_id":3313,"adult":"False","belongs_to_collection":null,"genres":"[{'id': 28, 'name': 'Action'}, {'id': 35, 'name': 'Comedy'}, {'id': 9648, 'name': 'Mystery'}, {'id': 53, 'name': 'Thriller'}]","id":"31610","imdb_id":"tt0162711","original_language":"en","original_title":"Trixie","overview":"Emily Watson stars as Trixie, an eccentric woman who aspires to quit her job as a security guard and become a private detective. However, comedy intervenes and the mess begins...","popularity":"1.626713","production_companies":"[{'name': 'Sony Pictures Classics', 'id': 58}]","production_countries":"[{'iso_3166_1': 'US', 'name': 'United States of America'}]","release_date":"2000-06-28","revenue":0.0,"status":"Released","title":"Trixie","vote_average":4.0,"vote_count":1.0,"dt_current_timestamp":1621342641810},{"user_id":3372,"adult":"False","belongs_to_collection":null,"genres":"[{'id': 99, 'name': 'Documentary'}]","id":"392734","imdb_id":"tt5163286","original_language":"en","original_title":"Jeremiah Tower: The Last Magnificent","overview":"The life of Jeremiah Tower, one of the most controversial, outrageous, and influential figures in the history of American gastronomy.","popularity":"0.326655","production_companies":"[{'name': 'The Orchard', 'id': 9286}, {'name': 'CNN Films', 'id': 29605}]","production_countries":"[{'iso_3166_1': 'MX', 'name': 'Mexico'}, {'iso_3166_1': 'US', 'name': 'United States of America'}]","release_date":"2016-07-29","revenue":0.0,"status":"Released","title":"Jeremiah Tower: The Last Magnificent","vote_average":0.0,"vote_count":0.0,"dt_current_timestamp":1621342641810},{"user_id":8694,"adult":"False","belongs_to_collection":null,"genres":"[{'id': 18, 'name': 'Drama'}]","id":"471","imdb_id":"tt0129774","original_language":"en","original_title":"Bandyta","overview":"Bastard depicts the distress of needy children and the love of a nurse and a hard boiled criminal. A film from Polish director Maciej Dejczer and actor Til Schweiger\u2019s first international film.","popularity":"0.707491","production_companies":"[{'name': 'Douek Productions', 'id': 259}]","production_countries":"[{'iso_3166_1': 'DE', 'name': 'Germany'}, {'iso_3166_1': 'FR', 'name': 'France'}, {'iso_3166_1': 'PL', 'name': 'Poland'}]","release_date":"1997-01-01","revenue":0.0,"status":"Released","title":"Bandyta","vote_average":6.3,"vote_count":3.0,"dt_current_timestamp":1621342641810},{"user_id":1888,"adult":"False","belongs_to_collection":null,"genres":"[{'id': 18, 'name': 'Drama'}, {'id': 35, 'name': 'Comedy'}, {'id': 10402, 'name': 'Music'}]","id":"45598","imdb_id":"tt0065125","original_language":"en","original_title":"The Trouble with Girls","overview":"Chautauqua manager Walter Hale and his loyal business manager struggle to keep their traveling troupe together in small town America.","popularity":"0.813685","production_companies":"[{'name': 'Metro-Goldwyn-Mayer (MGM)', 'id': 8411}]","production_countries":"[{'iso_3166_1': 'US', 'name': 'United States of America'}]","release_date":"1969-09-03","revenue":0.0,"status":"Released","title":"The Trouble with Girls","vote_average":5.3,"vote_count":6.0,"dt_current_timestamp":1621342641810},{"user_id":3912,"adult":"False","belongs_to_collection":null,"genres":"[{'id': 35, 'name': 'Comedy'}, {'id': 10749, 'name': 'Romance'}]","id":"62392","imdb_id":"tt0055503","original_language":"en","original_title":"Tammy Tell Me True","overview":"Tammy leaves the river in Mississippi to attend college, developing a relationship with Tom Freeman (John Gavin). Sandra Dee replaces Debbie Reynolds in this and the third Tammy movie. This film introduces both a new theme song, \"Tammy Tell Me True\", and the character of Mrs. Annie Call, played by veteran Beulah Bondi. Mrs. Call ultimately moves in with Tammy at the Ellen B. and would be the catalyst for the events in the following film, \"Tammy and The Doctor\".","popularity":"0.791764","production_companies":"[{'name': 'Ross Hunter Productions Inc.', 'id': 1830}, {'name': 'Universal International Pictures (UI)', 'id': 10330}]","production_countries":"[{'iso_3166_1': 'US', 'name': 'United States of America'}]","release_date":"1961-07-26","revenue":0.0,"status":"Released","title":"Tammy Tell Me True","vote_average":6.0,"vote_count":3.0,"dt_current_timestamp":1621342641810},{"user_id":5392,"adult":"False","belongs_to_collection":null,"genres":"[{'id': 18, 'name': 'Drama'}, {'id': 10751, 'name': 'Family'}, {'id': 10749, 'name': 'Romance'}]","id":"43436","imdb_id":"tt0041594","original_language":"en","original_title":"Little Women","overview":"Louisa May Alcott's autobiographical account of her life with her three sisters in Concord Mass in the 1860s. With their father fighting in the civil war, the sisters: Jo, Meg, Amy and Beth are at home with their mother - a very outspoken women for her time. The story is of how the sisters grow up, find love and find their place in the world.","popularity":"5.551702","production_companies":"[{'name': 'Metro-Goldwyn-Mayer (MGM)', 'id': 8411}]","production_countries":"[{'iso_3166_1': 'US', 'name': 'United States of America'}]","release_date":"1949-04-01","revenue":0.0,"status":"Released","title":"Little Women","vote_average":7.6,"vote_count":34.0,"dt_current_timestamp":1621342641810},{"user_id":8357,"adult":"False","belongs_to_collection":null,"genres":"[{'id': 35, 'name': 'Comedy'}, {'id': 18, 'name': 'Drama'}]","id":"9452","imdb_id":"tt0118798","original_language":"en","original_title":"Bulworth","overview":"A suicidally disillusioned liberal politician puts a contract out on himself and takes the opportunity to be bluntly honest with his voters by affecting the rhythms and speech of hip-hop music and culture.","popularity":"3.385342","production_companies":"[{'name': 'Twentieth Century Fox Film Corporation', 'id': 306}]","production_countries":"[{'iso_3166_1': 'US', 'name': 'United States of America'}]","release_date":"1998-05-15","revenue":29202884.0,"status":"Released","title":"Bulworth","vote_average":6.3,"vote_count":66.0,"dt_current_timestamp":1621342641810},{"user_id":5498,"adult":"False","belongs_to_collection":null,"genres":"[{'id': 18, 'name': 'Drama'}]","id":"315868","imdb_id":"tt4035268","original_language":"fr","original_title":"Cosmos","overview":"Two young men seek the solitude of the country; their peace is disturbed when a set of random occurrences suggest to their susceptible minds a pattern with sinister meanings.","popularity":"1.26037","production_companies":"[{'name': 'Alfama Films', 'id': 3061}, {'name': 'Leopardo Filmes', 'id': 44106}]","production_countries":"[{'iso_3166_1': 'PT', 'name': 'Portugal'}, {'iso_3166_1': 'FR', 'name': 'France'}]","release_date":"2015-12-03","revenue":0.0,"status":"Released","title":"Cosmos","vote_average":6.7,"vote_count":15.0,"dt_current_timestamp":1621342641810},{"user_id":6818,"adult":"False","belongs_to_collection":null,"genres":"[{'id': 27, 'name': 'Horror'}, {'id': 53, 'name': 'Thriller'}]","id":"337029","imdb_id":"tt4086032","original_language":"en","original_title":"Frankenstein","overview":"After he is artificially created, then left for dead by a husband-and-wife team of eccentric scientists, Adam is confronted with nothing but aggression and violence from the world around him. This perfect creation-turned disfigured monster must come to grips with the horrific nature of humanity.","popularity":"10.168119","production_companies":"[{'name': 'Eclectic pictures', 'id': 8056}, {'name': 'Summerstorm Entertainment', 'id': 51844}, {'name': 'Bad Badger', 'id': 51845}]","production_countries":"[{'iso_3166_1': 'DE', 'name': 'Germany'}, {'iso_3166_1': 'US', 'name': 'United States of America'}]","release_date":"2015-10-30","revenue":0.0,"status":"Released","title":"Frankenstein","vote_average":5.9,"vote_count":31.0,"dt_current_timestamp":1621342641810},{"user_id":3786,"adult":"False","belongs_to_collection":null,"genres":"[{'id': 99, 'name': 'Documentary'}]","id":"123074","imdb_id":"tt0234854","original_language":"en","original_title":"The Target Shoots First","overview":"An NYU philosophy grad struggles to maintain artistic and personal integrity as a production manager for Columbia House.","popularity":"0.128629","production_companies":"[]","production_countries":"[]","release_date":"2000-03-09","revenue":0.0,"status":"Released","title":"The Target Shoots First","vote_average":8.0,"vote_count":1.0,"dt_current_timestamp":1621342641810},{"user_id":4512,"adult":"False","belongs_to_collection":null,"genres":"[{'id': 35, 'name': 'Comedy'}]","id":"53406","imdb_id":"tt0005044","original_language":"en","original_title":"By the Sea","overview":"It is windy at a bathing resort. After fighting with one of the two husbands, Charlie approaches Edna while the two husbands themselves fight over ice cream. Driven away by her husband, Charlie turns to the other's wife.","popularity":"0.577051","production_companies":"[{'name': 'The Essanay Film Manufacturing Company', 'id': 5109}]","production_countries":"[{'iso_3166_1': 'US', 'name': 'United States of America'}]","release_date":"1915-04-29","revenue":0.0,"status":"Released","title":"By the Sea","vote_average":5.4,"vote_count":14.0,"dt_current_timestamp":1621342641810},{"user_id":7895,"adult":"False","belongs_to_collection":"{'id': 269098, 'name': 'Police Story Collection', 'poster_path': '\/zF4gP4w1xxM7jDKLjTDK3ixkkms.jpg', 'backdrop_path': '\/5qbfJzkMAUkFxcVo0dqnTRmpUoh.jpg'}","genres":"[{'id': 28, 'name': 'Action'}, {'id': 80, 'name': 'Crime'}, {'id': 53, 'name': 'Thriller'}]","id":"11134","imdb_id":"tt0104558","original_language":"cn","original_title":"\u8b66\u5bdf\u6545\u4e8b III\uff1a\u8d85\u7d1a\u8b66\u5bdf","overview":"A Hong Kong detective teams up with his female Red Chinese counterpart to stop a Chinese drug czar.","popularity":"6.751864","production_companies":"[{'name': 'Golden Harvest Company', 'id': 2521}, {'name': 'Golden Way Films Ltd.', 'id': 3054}]","production_countries":"[{'iso_3166_1': 'HK', 'name': 'Hong Kong'}]","release_date":"1992-07-04","revenue":20483423.0,"status":"Released","title":"Police Story 3: Supercop","vote_average":6.7,"vote_count":109.0,"dt_current_timestamp":1621342641810},{"user_id":7684,"adult":"False","belongs_to_collection":null,"genres":"[{'id': 53, 'name': 'Thriller'}, {'id': 80, 'name': 'Crime'}]","id":"70967","imdb_id":"tt0064225","original_language":"fr","original_title":"Dernier domicile connu","overview":"Marceau L\u00e9onetti (Lino Ventura), a competent and energetic officer stops by chance the son of an influential lawyer driving under the influence of alcohol. A few months later, the lawyer falsely accuses L\u00e9onetti as being violent and incompetent. As a result Marceau is transferred to a small police station, where he meets young and beautiful Jeanne (Marl\u00e8ne Jobert). Soon they are faced with a tough investigation.","popularity":"0.057547","production_companies":"[]","production_countries":"[{'iso_3166_1': 'FR', 'name': 'France'}]","release_date":"1970-07-25","revenue":0.0,"status":"Released","title":"Last Known Address","vote_average":7.1,"vote_count":8.0,"dt_current_timestamp":1621342641810},{"user_id":3788,"adult":"False","belongs_to_collection":null,"genres":"[{'id': 878, 'name': 'Science Fiction'}, {'id': 16, 'name': 'Animation'}, {'id': 35, 'name': 'Comedy'}, {'id': 80, 'name': 'Crime'}]","id":"15981","imdb_id":"tt0439533","original_language":"ja","original_title":"\u30c7\u30c3\u30c9\u3000\u30ea\u30fc\u30d6\u30b9","overview":"Pandy and Retro, two unlikely renegades, awaken naked on Earth with no recollection of their past. After embarking on a devastating crime spree for food, clothing and transportation in downtown Tokyo, they are captured by authorities and sent to the infamous lunar prison called Dead Leaves.","popularity":"1.254481","production_companies":"[{'name': 'Production I.G', 'id': 5781}, {'name': 'Manga Films', 'id': 56674}]","production_countries":"[{'iso_3166_1': 'JP', 'name': 'Japan'}]","release_date":"2004-01-16","revenue":0.0,"status":"Released","title":"Dead Leaves","vote_average":7.4,"vote_count":27.0,"dt_current_timestamp":1621342641810},{"user_id":6970,"adult":"False","belongs_to_collection":null,"genres":"[{'id': 80, 'name': 'Crime'}, {'id': 53, 'name': 'Thriller'}, {'id': 37, 'name': 'Western'}]","id":"29496","imdb_id":"tt0066939","original_language":"es","original_title":"Condenados a vivir","overview":"A wagon load of convicts on their way to prison is being escorted through the mountains by a cavalry troop. They are attacked by a bandit gang, and only a sergeant, his beautiful young daughter and an assortment of seven sadistic, murderous prisoners survive, and they are left without horses or a wagon. The sergeant must find a way to get his prisoners to their destination while protecting his daughter, watching out for the still pursuing bandits and trying to determine which one of the prisoners was the man who raped and murdered his wife.","popularity":"0.24991","production_companies":"[{'name': 'Films Triunfo S.A.', 'id': 11471}]","production_countries":"[{'iso_3166_1': 'IT', 'name': 'Italy'}, {'iso_3166_1': 'ES', 'name': 'Spain'}]","release_date":"1972-07-10","revenue":0.0,"status":"Released","title":"Cut-Throats Nine","vote_average":6.8,"vote_count":5.0,"dt_current_timestamp":1621342641810},{"user_id":5930,"adult":"False","belongs_to_collection":null,"genres":"[{'id': 99, 'name': 'Documentary'}]","id":"54560","imdb_id":"tt0095967","original_language":"en","original_title":"Regi Andrej Tarkovskij","overview":"This documentary offers a rare glimpse of the legendary Soviet filmmaker, Andrei Tarkosvky, at work. Tarkovsky made only seven films in his brief, but brilliant, career; Michal Leszczylowski's respectful movie chronicles him at work on his last film, The Sacrifice. Offering insight into Tarkovsky's working methods and transcendental aesthetics, the movie is a compelling account of the difficulties of film production. In the case of an uncompromising and visionary filmmaker like Tarkovsky, the practical problems of filmmaking are only magnified, as cast and crew struggle to realize the ambitious concepts in Tarkovsky's mind.","popularity":"0.017296","production_companies":"[]","production_countries":"[]","release_date":"1988-09-23","revenue":0.0,"status":"Released","title":"Directed by Andrei Tarkovsky","vote_average":7.0,"vote_count":2.0,"dt_current_timestamp":1621342641810},{"user_id":4845,"adult":"False","belongs_to_collection":null,"genres":"[{'id': 18, 'name': 'Drama'}]","id":"380622","imdb_id":"tt5231812","original_language":"fr","original_title":"Rester vertical","overview":"Screenwriter Leo is searching for the wolf in the south of France. During a scouting excursion he is seduced by Marie, a free-spirited and dynamic shepherdess. Nine months later she gives birth to their child. Suffering from post-natal depression and with no faith in Leo, who comes and goes without warning, Marie abandons both of them. Leo finds himself alone, with a baby to care for.","popularity":"1.679783","production_companies":"[{'name': 'Les Films du Losange', 'id': 223}, {'name': 'Wild Bunch', 'id': 856}, {'name': 'Canal+', 'id': 5358}, {'name': 'Arte France', 'id': 6111}, {'name': 'Arte France Cin\u00e9ma', 'id': 6916}, {'name': 'Les films du Worso', 'id': 7395}, {'name': 'Cin\u00e9+', 'id': 10611}, {'name': 'R\u00e9gion Languedoc-Roussillon', 'id': 12054}, {'name': 'Centre National de la Cin\u00e9matographie (CNC)', 'id': 18367}, {'name': 'R\u00e9gion Midi-Pyr\u00e9n\u00e9es', 'id': 28793}, {'name': 'D\u00e9partement de la Charente-Maritime', 'id': 71863}, {'name': 'R\u00e9gion Poitou-Charentes', 'id': 76911}, {'name': 'Cin\u00e9mage 10', 'id': 78936}, {'name': 'Cin\u00e9venture', 'id': 83524}, {'name': 'Ind\u00e9films 4', 'id': 83525}]","production_countries":"[{'iso_3166_1': 'FR', 'name': 'France'}]","release_date":"2016-08-24","revenue":0.0,"status":"Released","title":"Staying Vertical","vote_average":5.4,"vote_count":14.0,"dt_current_timestamp":1621342641810},{"user_id":3634,"adult":"False","belongs_to_collection":null,"genres":"[{'id': 35, 'name': 'Comedy'}, {'id': 10749, 'name': 'Romance'}]","id":"107235","imdb_id":"tt2337981","original_language":"ko","original_title":"\uac74\ucd95\ud559\uac1c\ub860","overview":"When Seung Min was on his first year at the Academy of Architecture, he met Seo Yeon. She was a musician student, and Seung Min totally fell in love with her. Years have passed, and now he meets Seo Yeon again - she asks him to rebuild her father's old house.","popularity":"2.52509","production_companies":"[{'name': 'Myung Films', 'id': 21415}]","production_countries":"[{'iso_3166_1': 'KR', 'name': 'South Korea'}]","release_date":"2012-03-22","revenue":0.0,"status":"Released","title":"Architecture 101","vote_average":6.8,"vote_count":30.0,"dt_current_timestamp":1621342641810},{"user_id":3347,"adult":"False","belongs_to_collection":null,"genres":"[{'id': 18, 'name': 'Drama'}]","id":"85638","imdb_id":"tt0017350","original_language":"en","original_title":"The Scarlet Letter","overview":"In Puritan Boston, seamstress Hester Prynne is punished for playing on the Sabbath day; but kindly minister Arthur Dimmesdale takes pity on her. The two fall in love, but their relationship cannot be: Hester is already married to Roger Prynne, a physician who has been missing seven years. Dimmesdale has to go away to England; when he returns, he finds Hester pregnant with their child, and the focus of the town's censure. In a humiliating public ceremony, she is forced to don the scarlet letter A - for adultery - and wear it the rest of her life.","popularity":"0.284522","production_companies":"[{'name': 'Metro-Goldwyn-Mayer (MGM)', 'id': 8411}]","production_countries":"[{'iso_3166_1': 'US', 'name': 'United States of America'}]","release_date":"1926-08-09","revenue":0.0,"status":"Released","title":"The Scarlet Letter","vote_average":8.3,"vote_count":4.0,"dt_current_timestamp":1621342641810},{"user_id":5925,"adult":"False","belongs_to_collection":null,"genres":"[{'id': 35, 'name': 'Comedy'}, {'id': 28, 'name': 'Action'}]","id":"18374","imdb_id":"tt1432078","original_language":"ko","original_title":"7\uae09 \uacf5\ubb34\uc6d0","overview":"Disguised as a travel agent, \u201cSu-ji\u201d is a government spy with six years\u2019 experience who can\u2019t reveal her career to her boyfriend \u201cJae-joon.\u201d After she lies again, her boyfriend breaks up with her and leaves without notice, leaving her struggling alone with her sadness. Three years later, while chasing an industrial spy in disguise as a cleaning lady, she happens to run into Jae-joon. He\u2019s become an international certified accountant, and seeing him throws her feelings into doubt.Lying is part of the job, secrecy is the name of the game in \"My Girlfriend is an Agent\".","popularity":"3.174574","production_companies":"[{'name': 'DCG Plus', 'id': 11431}]","production_countries":"[{'iso_3166_1': 'KR', 'name': 'South Korea'}]","release_date":"2009-04-04","revenue":0.0,"status":"Released","title":"My Girlfriend Is an Agent","vote_average":6.3,"vote_count":26.0,"dt_current_timestamp":1621342641810},{"user_id":5320,"adult":"False","belongs_to_collection":null,"genres":"[{'id': 14, 'name': 'Fantasy'}, {'id': 12, 'name': 'Adventure'}]","id":"57757","imdb_id":"tt0136624","original_language":"ru","original_title":"\u0417\u0435\u043c\u043b\u044f \u0421\u0430\u043d\u043d\u0438\u043a\u043e\u0432\u0430","overview":"A group of people setting out to find a previously assumed land and upon reaching it, not knowing how to deal with the customs of the place, have to deal with all the consequences.","popularity":"1.735003","production_companies":"[{'name': 'Mosfilm', 'id': 5120}]","production_countries":"[{'iso_3166_1': 'RU', 'name': 'Russia'}]","release_date":"1973-10-01","revenue":0.0,"status":"Released","title":"The Sannikov Land","vote_average":6.9,"vote_count":7.0,"dt_current_timestamp":1621342641810},{"user_id":2216,"adult":"False","belongs_to_collection":null,"genres":"[{'id': 18, 'name': 'Drama'}]","id":"85350","imdb_id":"tt1065073","original_language":"en","original_title":"Boyhood","overview":"The film tells a story of a divorced couple trying to raise their young son. The story follows the boy for twelve years, from first grade at age 6 through 12th grade at age 17-18, and examines his relationship with his parents as he grows.","popularity":"6.430591","production_companies":"[{'name': 'IFC Films', 'id': 307}, {'name': 'Detour Filmproduction', 'id': 11510}]","production_countries":"[{'iso_3166_1': 'US', 'name': 'United States of America'}]","release_date":"2014-06-05","revenue":44349000.0,"status":"Released","title":"Boyhood","vote_average":7.5,"vote_count":2008.0,"dt_current_timestamp":1621342641810},{"user_id":1426,"adult":"False","belongs_to_collection":"{'id': 8581, 'name': 'A Nightmare on Elm Street Collection', 'poster_path': '\/BcgmrOz69AUBRukw5LLGeYsOgo.jpg', 'backdrop_path': '\/xDScJToK3YDTZmxNqQ0hFTObeXq.jpg'}","genres":"[{'id': 27, 'name': 'Horror'}, {'id': 9648, 'name': 'Mystery'}, {'id': 53, 'name': 'Thriller'}]","id":"23437","imdb_id":"tt1179056","original_language":"en","original_title":"A Nightmare on Elm Street","overview":"The film that brings back horror icon Freddy Krueger as a darker and more sinister character than ever before. While Freddy is on the prowl a group of teenagers being stalked soon learn they all have a common factor making them targets for this twisted killer.","popularity":"10.40191","production_companies":"[{'name': 'New Line Cinema', 'id': 12}, {'name': 'Platinum Dunes', 'id': 2481}]","production_countries":"[{'iso_3166_1': 'US', 'name': 'United States of America'}]","release_date":"2010-04-30","revenue":115664037.0,"status":"Released","title":"A Nightmare on Elm Street","vote_average":5.5,"vote_count":771.0,"dt_current_timestamp":1621342641810},{"user_id":7544,"adult":"False","belongs_to_collection":null,"genres":"[{'id': 53, 'name': 'Thriller'}]","id":"30888","imdb_id":"tt0076888","original_language":"es","original_title":"La visita del vicio","overview":"A superstitious, illiterate young gypsy servant girl comes to live with a solitary female artist at her country chateau. The girl has recurring nightmares of a naked man on horseback assaulting and abusing her. As the artist takes the girl under her wing, an sensuous relationship develops between them.","popularity":"3.965041","production_companies":"[{'name': 'Jos\u00e9 Frade Producciones Cinematogr\u00e1ficas S.A.', 'id': 5104}]","production_countries":"[{'iso_3166_1': 'ES', 'name': 'Spain'}]","release_date":"1978-06-01","revenue":0.0,"status":"Released","title":"The Coming of Sin","vote_average":4.0,"vote_count":1.0,"dt_current_timestamp":1621342641810},{"user_id":342,"adult":"False","belongs_to_collection":null,"genres":"[{'id': 12, 'name': 'Adventure'}, {'id': 16, 'name': 'Animation'}, {'id': 35, 'name': 'Comedy'}]","id":"12609","imdb_id":"tt0168856","original_language":"da","original_title":"Hj\u00e6lp, jeg er en fisk","overview":"Three children accidentally get turned into fish after drinking a potion made by an eccentric scientist. The kids end up in the sea, with one problem. They must find and drink the antidote within 48 hours, or forever remain as fish.","popularity":"10.197545","production_companies":"[{'name': 'TV2 Danmark', 'id': 758}]","production_countries":"[{'iso_3166_1': 'DK', 'name': 'Denmark'}, {'iso_3166_1': 'IE', 'name': 'Ireland'}, {'iso_3166_1': 'DE', 'name': 'Germany'}]","release_date":"2000-10-06","revenue":0.0,"status":"Released","title":"Help! I'm A Fish","vote_average":6.3,"vote_count":73.0,"dt_current_timestamp":1621342641810},{"user_id":1906,"adult":"False","belongs_to_collection":null,"genres":"[{'id': 99, 'name': 'Documentary'}]","id":"326723","imdb_id":"tt4477936","original_language":"en","original_title":"Snowdens Store Flugt","overview":"\"Snowden\u2019s Great Escape\" tells the story of how Edward Snowden managed to evade capture by the US. For the first time Snowden tells the story of how he managed to escape so that not to have to spend the rest of his life in an American prison.","popularity":"0.712004","production_companies":"[{'name': 'DR TV', 'id': 639}, {'name': 'Norddeutscher Rundfunk (NDR)', 'id': 7201}]","production_countries":"[{'iso_3166_1': 'DE', 'name': 'Germany'}, {'iso_3166_1': 'DK', 'name': 'Denmark'}]","release_date":"2015-01-12","revenue":0.0,"status":"Released","title":"Snowden\u2019s Great Escape","vote_average":8.7,"vote_count":3.0,"dt_current_timestamp":1621342641810},{"user_id":235,"adult":"False","belongs_to_collection":"{'id': 131296, 'name': 'Thor Collection', 'poster_path': '\/yw7gr7DhHHVTLlO8Se8uH17TDMA.jpg', 'backdrop_path': '\/3KL8UNKFWgIKXzLHjwY0uwgjzYl.jpg'}","genres":"[{'id': 28, 'name': 'Action'}, {'id': 12, 'name': 'Adventure'}, {'id': 14, 'name': 'Fantasy'}]","id":"76338","imdb_id":"tt1981115","original_language":"en","original_title":"Thor: The Dark World","overview":"Thor fights to restore order across the cosmos\u2026 but an ancient race led by the vengeful Malekith returns to plunge the universe back into darkness. Faced with an enemy that even Odin and Asgard cannot withstand, Thor must embark on his most perilous and personal journey yet, one that will reunite him with Jane Foster and force him to sacrifice everything to save us all.","popularity":"34.905447","production_companies":"[{'name': 'Marvel Studios', 'id': 420}]","production_countries":"[{'iso_3166_1': 'US', 'name': 'United States of America'}]","release_date":"2013-10-29","revenue":644571402.0,"status":"Released","title":"Thor: The Dark World","vote_average":6.8,"vote_count":4873.0,"dt_current_timestamp":1621342641810},{"user_id":395,"adult":"False","belongs_to_collection":null,"genres":"[]","id":"105403","imdb_id":"tt0075940","original_language":"en","original_title":"Diamanti sporchi di sangue","overview":"A man is arrested and condemned to five years in jail for robbery. After serving his term, he is out for revenge on the gang members he considers were to blame for his arrest. The prize for this deadly fight is a large cache of diamonds.","popularity":"0.008134","production_companies":"[]","production_countries":"[]","release_date":"1977-01-01","revenue":0.0,"status":"Released","title":"Blood and Diamonds","vote_average":0.0,"vote_count":0.0,"dt_current_timestamp":1621342641810},{"user_id":2864,"adult":"False","belongs_to_collection":null,"genres":"[{'id': 18, 'name': 'Drama'}, {'id': 27, 'name': 'Horror'}]","id":"94525","imdb_id":"tt0017048","original_language":"ja","original_title":"Kurutta ipp\u00eaji","overview":"A man takes a job at an asylum with hopes of freeing his imprisoned wife.","popularity":"1.174776","production_companies":"[{'name': 'Shin Kankaku-ha Eiga Renmei Productions', 'id': 94935}, {'name': 'Kinugasa Productions', 'id': 94936}, {'name': 'National Film Art', 'id': 94937}]","production_countries":"[{'iso_3166_1': 'JP', 'name': 'Japan'}]","release_date":"1926-09-24","revenue":0.0,"status":"Released","title":"A Page of Madness","vote_average":7.8,"vote_count":18.0,"dt_current_timestamp":1621342641810},{"user_id":67,"adult":"False","belongs_to_collection":null,"genres":"[{'id': 18, 'name': 'Drama'}, {'id': 10749, 'name': 'Romance'}, {'id': 53, 'name': 'Thriller'}]","id":"80844","imdb_id":"tt0076507","original_language":"en","original_title":"The Other Side of Midnight","overview":"When French beauty Noelle Page falls in love with American pilot Larry Douglas, she believes he'll marry her. Instead, he returns to the U.S and marries the sweet but naive Catherine. Even though Noelle has found a new lover, an affluent Greek named Constantin, and has started a great career as an actress, she vows revenge on her onetime lover. But once her plan is in motion, she and Larry fall in love and plot Catherine's death.","popularity":"0.517164","production_companies":"[{'name': 'Frank Yablans Presentations', 'id': 4988}]","production_countries":"[{'iso_3166_1': 'US', 'name': 'United States of America'}]","release_date":"1977-06-08","revenue":0.0,"status":"Released","title":"The Other Side of Midnight","vote_average":5.6,"vote_count":5.0,"dt_current_timestamp":1621342641810},{"user_id":4206,"adult":"False","belongs_to_collection":null,"genres":"[{'id': 878, 'name': 'Science Fiction'}, {'id': 27, 'name': 'Horror'}]","id":"292830","imdb_id":"tt3619854","original_language":"en","original_title":"Creature","overview":"People attend their first halt in a newly opened lodge in deep forest, but something is waiting for them.","popularity":"0.129933","production_companies":"[]","production_countries":"[]","release_date":"2014-09-12","revenue":0.0,"status":"Released","title":"Creature","vote_average":3.3,"vote_count":3.0,"dt_current_timestamp":1621342641810},{"user_id":2841,"adult":"False","belongs_to_collection":null,"genres":"[{'id': 10751, 'name': 'Family'}, {'id': 16, 'name': 'Animation'}]","id":"316322","imdb_id":"tt4215332","original_language":"en","original_title":"Barbie in Princess Power","overview":"Barbie is Kara - a modern-day princess with a normal life. Kissed by a butterfly which gives her superpowers and allows her to become a Super Sparkle, she is ready to save the kingdom from evil - were it not for her jealous cousin who is also kissed by the butterfly and becomes her rival and nemesis. Watch as Super Sparkle and Dark Sparkle learn that together they can become a great team for good once they learn the power of friendship.","popularity":"11.796151","production_companies":"[{'name': 'Mattel Playground Productions', 'id': 33365}]","production_countries":"[{'iso_3166_1': 'US', 'name': 'United States of America'}]","release_date":"2015-01-29","revenue":0.0,"status":"Released","title":"Barbie in Princess Power","vote_average":5.5,"vote_count":25.0,"dt_current_timestamp":1621342641810},{"user_id":7034,"adult":"False","belongs_to_collection":"{'id': 374511, 'name': 'Godzilla (Heisei) Collection', 'poster_path': '\/A25nYpiBlYlGdJSuAfN9oJ9Li39.jpg', 'backdrop_path': '\/4Y5IXrcWuK1wA3PbeNU5y6Qd3zF.jpg'}","genres":"[{'id': 28, 'name': 'Action'}, {'id': 12, 'name': 'Adventure'}, {'id': 878, 'name': 'Science Fiction'}, {'id': 18, 'name': 'Drama'}, {'id': 14, 'name': 'Fantasy'}, {'id': 27, 'name': 'Horror'}]","id":"36679","imdb_id":"tt0101962","original_language":"ja","original_title":"\u30b4\u30b8\u30e9vs\u30ad\u30f3\u30b0\u30ae\u30c9\u30e9","overview":"Time travelers from the 23rd century return to 1992 to warn Japan that Godzilla will cause a catastrophic nuclear incident in the 21st century and suggest a way to rid the world of him forever. They intend to go back to 1944, to Ragos Island, where a dinosaur was exposed to radiation from the Bikini H-Bomb test and became Godzilla. Upon completion of this task, King Gidor\u00e2 appears in 1992 and the visitors' true plan is discovered. They wish to destroy Japan so it will not become the dominant economic force. Luckily for the Japanese, Godzilla was still created and will now fight Gidor\u00e2.","popularity":"1.541436","production_companies":"[{'name': 'Toho Film (Eiga) Co. Ltd.', 'id': 622}]","production_countries":"[{'iso_3166_1': 'JP', 'name': 'Japan'}]","release_date":"1991-12-14","revenue":0.0,"status":"Released","title":"Godzilla vs. King Ghidorah","vote_average":6.2,"vote_count":28.0,"dt_current_timestamp":1621342641810},{"user_id":364,"adult":"False","belongs_to_collection":null,"genres":"[{'id': 18, 'name': 'Drama'}, {'id': 53, 'name': 'Thriller'}]","id":"56126","imdb_id":"tt0138317","original_language":"tl","original_title":"Alpha Kappa Omega Batch '81","overview":"Sid Lucero, a 26-year old pre-Med student is an aspiring neophyte of the Alpha Kappa Omega fraternity. Over a six-month initiation period, he and six other neophytes are subjected to severe physical and psychological torture in and outside the fraternity house. The neophytes come to accept the senseless violence as a requisite of their acceptance into the brotherhood. Only five of them survive the brutal, fascistic ordeal, due to the fraternity rumble with Sigma Omicron Sigma headed by Arvisu.","popularity":"0.409704","production_companies":"[{'name': 'MVP Pictures', 'id': 42880}]","production_countries":"[{'iso_3166_1': 'PH', 'name': 'Philippines'}]","release_date":"1982-11-18","revenue":0.0,"status":"Released","title":"Batch '81","vote_average":4.2,"vote_count":3.0,"dt_current_timestamp":1621342641810},{"user_id":2754,"adult":"False","belongs_to_collection":"{'id': 114916, 'name': '\u0421\u043a\u0430\u0437\u043a\u0438 \u0427\u0443\u043a\u043e\u0432\u0441\u043a\u043e\u0433\u043e', 'poster_path': None, 'backdrop_path': None}","genres":"[{'id': 16, 'name': 'Animation'}, {'id': 35, 'name': 'Comedy'}, {'id': 12, 'name': 'Adventure'}]","id":"198951","imdb_id":"tt0218940","original_language":"ru","original_title":"Doktor Aybolit","overview":"A funny comedy about doctor Aybolit and his assistants and patients - all animals.","popularity":"0.731334","production_companies":"[{'name': '\u041a\u0438\u0435\u0432\u043d\u0430\u0443\u0447\u0444\u0438\u043b\u044c\u043c', 'id': 19955}, {'name': 'Kievnauchfilm', 'id': 19997}]","production_countries":"[{'iso_3166_1': 'RU', 'name': 'Russia'}, {'iso_3166_1': 'UA', 'name': 'Ukraine'}]","release_date":"1984-06-06","revenue":0.0,"status":"Released","title":"Doctor Aybolit","vote_average":3.0,"vote_count":3.0,"dt_current_timestamp":1621342641810},{"user_id":7689,"adult":"False","belongs_to_collection":null,"genres":"[{'id': 18, 'name': 'Drama'}, {'id': 10749, 'name': 'Romance'}, {'id': 10769, 'name': 'Foreign'}]","id":"139851","imdb_id":"tt0072307","original_language":"fr","original_title":"Toute une vie","overview":"The movie follows the lives of a woman and a man starting from several generations earlier. The story spans a whole century and several continents.","popularity":"0.147314","production_companies":"[{'name': 'Les Films 13', 'id': 1742}, {'name': 'Rizzoli Film', 'id': 12778}]","production_countries":"[{'iso_3166_1': 'FR', 'name': 'France'}]","release_date":"1974-05-15","revenue":0.0,"status":"Released","title":"And Now My Love","vote_average":0.0,"vote_count":0.0,"dt_current_timestamp":1621342641810},{"user_id":238,"adult":"False","belongs_to_collection":null,"genres":"[{'id': 18, 'name': 'Drama'}, {'id': 35, 'name': 'Comedy'}, {'id': 10749, 'name': 'Romance'}]","id":"18425","imdb_id":"tt0432264","original_language":"en","original_title":"Clubland","overview":"The shy son of an aging comedienne tries to find a balance between his demanding home life, his new girlfriend, and his mother's second chance at fame.","popularity":"1.174855","production_companies":"[{'name': 'Goalpost Pictures', 'id': 6748}, {'name': 'The New South Wales Film and Television Office', 'id': 29052}]","production_countries":"[]","release_date":"2007-08-03","revenue":0.0,"status":"Released","title":"Clubland","vote_average":5.2,"vote_count":8.0,"dt_current_timestamp":1621342641810},{"user_id":1524,"adult":"False","belongs_to_collection":null,"genres":"[{'id': 27, 'name': 'Horror'}]","id":"282813","imdb_id":"tt2799166","original_language":"en","original_title":"The Pyramid","overview":"A team of U.S. archaeologists unearths an ancient pyramid buried deep beneath the Egyptian desert. As they search the pyramid's depths, they become hopelessly lost in its dark and endless catacombs. Searching for a way out, they become desperate to seek daylight again. They come to realize they aren't just trapped, they are being hunted.","popularity":"9.312354","production_companies":"[{'name': 'Fox International Productions', 'id': 7485}, {'name': 'Sahara Productions', 'id': 12126}, {'name': 'Silvatar Media', 'id': 48244}]","production_countries":"[{'iso_3166_1': 'US', 'name': 'United States of America'}]","release_date":"2014-12-04","revenue":13865435.0,"status":"Released","title":"The Pyramid","vote_average":4.6,"vote_count":365.0,"dt_current_timestamp":1621342641810},{"user_id":5630,"adult":"False","belongs_to_collection":null,"genres":"[{'id': 9648, 'name': 'Mystery'}]","id":"214105","imdb_id":"tt2882590","original_language":"he","original_title":"Plaot","overview":"Avi Nesher's new film tracks the complex relationship between a Jerusalem Graffiti artist and a mysterious modern day prophet who is imprisoned in an abandoned apartment across the Artist's window.","popularity":"0.398623","production_companies":"[{'name': 'United King Films', 'id': 16}]","production_countries":"[{'iso_3166_1': 'IL', 'name': 'Israel'}]","release_date":"2013-06-05","revenue":0.0,"status":"Released","title":"The Wonders","vote_average":5.6,"vote_count":4.0,"dt_current_timestamp":1621342641810},{"user_id":4900,"adult":"False","belongs_to_collection":null,"genres":"[{'id': 35, 'name': 'Comedy'}]","id":"399938","imdb_id":"tt5200506","original_language":"en","original_title":"Michael Ian Black: Noted Expert","overview":"Veteran of sketch, television, and film, comedian Michael Ian Black has mastered a delivery that's equal parts dapper and deadpan, whether he's discussing the pro-choice debate or the Tilt-A-Whirl.  Taped at John Jay College in New York City, Black's first comedy special for EPIX includes his wry take on the human experience, from parenting and gender roles, to guilty pleasures of all shapes and sizes.","popularity":"0.150148","production_companies":"[{'name': 'New Wave Entertainment', 'id': 2953}]","production_countries":"[{'iso_3166_1': 'US', 'name': 'United States of America'}]","release_date":"2016-05-13","revenue":0.0,"status":"Released","title":"Michael Ian Black: Noted Expert","vote_average":7.7,"vote_count":3.0,"dt_current_timestamp":1621342641810},{"user_id":5297,"adult":"False","belongs_to_collection":null,"genres":"[{'id': 10770, 'name': 'TV Movie'}, {'id': 18, 'name': 'Drama'}, {'id': 53, 'name': 'Thriller'}]","id":"226701","imdb_id":"tt3058618","original_language":"en","original_title":"The Nightmare Nanny","overview":"Stay-home mom Annie is reluctant to return to work, until she finds Amber, the perfect nanny for her 3-year-old daughter Jenny. But as Annie's young daughter grows closer and closer to Amber, Annie begins to feel like she's being pushed out of her own life. When Jenny suddenly vanishes one day,Annie's search for her missing daughter leads her to the terrifying truth about the dark past of the woman she trusted with her child.","popularity":"0.987368","production_companies":"[]","production_countries":"[{'iso_3166_1': 'US', 'name': 'United States of America'}]","release_date":"2013-07-22","revenue":0.0,"status":"Released","title":"The Nightmare Nanny","vote_average":4.6,"vote_count":9.0,"dt_current_timestamp":1621342641810},{"user_id":1376,"adult":"False","belongs_to_collection":null,"genres":"[{'id': 35, 'name': 'Comedy'}, {'id': 10769, 'name': 'Foreign'}]","id":"57544","imdb_id":"tt0168080","original_language":"es","original_title":"Muertos de risa","overview":"Nino and Bruno are two comedians who reach the heights of success with their duo act, turning them into huge TV celebrities. However, the hate between them grows as fast, and as much, as their fame","popularity":"0.396431","production_companies":"[]","production_countries":"[]","release_date":"1999-03-12","revenue":0.0,"status":"Released","title":"Dying of Laughter","vote_average":6.1,"vote_count":18.0,"dt_current_timestamp":1621342641810},{"user_id":8294,"adult":"False","belongs_to_collection":null,"genres":"[{'id': 28, 'name': 'Action'}, {'id': 35, 'name': 'Comedy'}]","id":"11537","imdb_id":"tt0078252","original_language":"cn","original_title":"\u86c7\u5f62\u5201\u624b","overview":"Everyone abuses and humiliates a downtrodden orphan (Chan) until he befriends an old man, who turns out to be the last master of the \"snake fist\" fighting style. Jackie becomes the old man's student and finds himself in battle with the master of the \"eagle's claw\" style, who has vowed to destroy the snake fist clan.","popularity":"10.752763","production_companies":"[{'name': 'Seasonal Film Corporation', 'id': 13433}]","production_countries":"[{'iso_3166_1': 'HK', 'name': 'Hong Kong'}]","release_date":"1978-03-01","revenue":0.0,"status":"Released","title":"Snake in the Eagle's Shadow","vote_average":7.2,"vote_count":68.0,"dt_current_timestamp":1621342641810},{"user_id":9090,"adult":"False","belongs_to_collection":null,"genres":"[{'id': 35, 'name': 'Comedy'}]","id":"31563","imdb_id":"tt0092798","original_language":"en","original_title":"Critical Condition","overview":"Eddie is a con artist. But this time he's framed and comes before a judge. By claiming insanity, he hopes to get off the hook. He manages end up in a hospital for a mental examination. That night, a storm breaks out over New York, and the electricity to the hospital is broken. In the ensuing chaos that follows, Eddie is taken for a doctor. Suddenly he is in charge of a whole hospital!","popularity":"2.451513","production_companies":"[{'name': 'Paramount Pictures', 'id': 4}]","production_countries":"[{'iso_3166_1': 'US', 'name': 'United States of America'}]","release_date":"1987-01-16","revenue":0.0,"status":"Released","title":"Critical Condition","vote_average":6.2,"vote_count":17.0,"dt_current_timestamp":1621342641810},{"user_id":3716,"adult":"False","belongs_to_collection":null,"genres":"[{'id': 16, 'name': 'Animation'}, {'id': 10751, 'name': 'Family'}]","id":"13061","imdb_id":"tt1134859","original_language":"en","original_title":"Your Friend the Rat","overview":"Let's face it, rats are not the most beloved creatures on earth. However, maybe this little tale about the history of human and rat interaction will change the world's tune. At least that is the hope of Remy, the star of Ratatouille, and his reluctant brother Emile as they guide us through world history from a rat's perspective. Why can't we all just get along?","popularity":"7.311671","production_companies":"[{'name': 'Pixar Animation Studios', 'id': 3}]","production_countries":"[{'iso_3166_1': 'US', 'name': 'United States of America'}]","release_date":"2007-11-06","revenue":0.0,"status":"Released","title":"Your Friend the Rat","vote_average":6.7,"vote_count":67.0,"dt_current_timestamp":1621342641810},{"user_id":1472,"adult":"False","belongs_to_collection":null,"genres":"[{'id': 99, 'name': 'Documentary'}]","id":"81765","imdb_id":"tt1832368","original_language":"en","original_title":"How Beer Saved the World","overview":"This show traces the important role that beer has played in human history from the probable origins of the first beer at the dawn of history to the development of a special beer for use in zero gravity space missions.","popularity":"0.151734","production_companies":"[]","production_countries":"[]","release_date":"2011-01-30","revenue":0.0,"status":"Released","title":"How Beer Saved the World","vote_average":8.0,"vote_count":3.0,"dt_current_timestamp":1621342641810},{"user_id":1370,"adult":"False","belongs_to_collection":null,"genres":"[{'id': 28, 'name': 'Action'}, {'id': 37, 'name': 'Western'}]","id":"43314","imdb_id":"tt0048289","original_language":"en","original_title":"A Lawless Street","overview":"A Marshal must face unpleasant facts about his past when he attempts to run a criminal gang out of town.","popularity":"0.910456","production_companies":"[{'name': 'Columbia Pictures Corporation', 'id': 441}]","production_countries":"[{'iso_3166_1': 'US', 'name': 'United States of America'}]","release_date":"1955-11-15","revenue":0.0,"status":"Released","title":"A Lawless Street","vote_average":4.6,"vote_count":10.0,"dt_current_timestamp":1621342641810},{"user_id":7779,"adult":"False","belongs_to_collection":null,"genres":"[{'id': 10749, 'name': 'Romance'}, {'id': 18, 'name': 'Drama'}]","id":"965","imdb_id":"tt0035015","original_language":"en","original_title":"The Magnificent Ambersons","overview":"The spoiled young heir to the decaying Amberson fortune comes between his widowed mother and the man she has always loved.","popularity":"8.43511","production_companies":"[{'name': 'RKO Radio Pictures', 'id': 6}, {'name': 'Mercury Productions', 'id': 11447}]","production_countries":"[{'iso_3166_1': 'US', 'name': 'United States of America'}]","release_date":"1942-07-10","revenue":0.0,"status":"Released","title":"The Magnificent Ambersons","vote_average":7.5,"vote_count":77.0,"dt_current_timestamp":1621342641810},{"user_id":1326,"adult":"False","belongs_to_collection":null,"genres":"[{'id': 16, 'name': 'Animation'}, {'id': 10751, 'name': 'Family'}]","id":"16455","imdb_id":"tt0339334","original_language":"en","original_title":"The Magic Roundabout","overview":"A shaggy, candy-loving puppy named Dougal along with a group of friends embarks on a dangerous journey in an effort to imprison their oppressor -- the evil ice sorcerer ZeeBad (Zebedee's evil twin). As the world is placed in mortal danger Zeebad who wants to turn the world to ice. Doogal and his friends must recover 3 diamonds that are needed to stop him.","popularity":"2.757473","production_companies":"[{'name': 'The Weinstein Company', 'id': 308}]","production_countries":"[{'iso_3166_1': 'FR', 'name': 'France'}, {'iso_3166_1': 'GB', 'name': 'United Kingdom'}]","release_date":"2005-01-19","revenue":0.0,"status":"Released","title":"The Magic Roundabout","vote_average":5.6,"vote_count":38.0,"dt_current_timestamp":1621342641810},{"user_id":1470,"adult":"False","belongs_to_collection":null,"genres":"[{'id': 35, 'name': 'Comedy'}]","id":"17097","imdb_id":"tt0465375","original_language":"en","original_title":"After Sex","overview":"Sex is a background to examine intimacy and vulnerability. Looks at the complexity of modern day relationships told through eight separate couples. Through dialogue and compromising situations, the film takes us from the beginning of a relationship to the aftermath of one, and examines every stage in between seeing humor within the drama, heartache and confusion of it all.","popularity":"7.134232","production_companies":"[{'name': 'NALA Films', 'id': 2088}, {'name': 'Supino Pictures', 'id': 37304}]","production_countries":"[{'iso_3166_1': 'US', 'name': 'United States of America'}]","release_date":"2007-09-26","revenue":0.0,"status":"Released","title":"After Sex","vote_average":5.2,"vote_count":54.0,"dt_current_timestamp":1621342641810},{"user_id":4376,"adult":"False","belongs_to_collection":null,"genres":"[{'id': 10770, 'name': 'TV Movie'}, {'id': 80, 'name': 'Crime'}, {'id': 35, 'name': 'Comedy'}]","id":"291325","imdb_id":"tt0110000","original_language":"en","original_title":"Heads","overview":"A proofreader at a small-town newspaper decides to try to solve a series of decapitation murders, and reluctantly gets involved with the nutty daughter of his editor. Before long he discovers that he is the prime suspect in the murders.","popularity":"0.733197","production_companies":"[{'name': 'Davis Entertainment', 'id': 1302}, {'name': 'Sojourn Pictures Ltd.', 'id': 36885}, {'name': 'Credo Group Limited', 'id': 36886}]","production_countries":"[{'iso_3166_1': 'US', 'name': 'United States of America'}, {'iso_3166_1': 'CA', 'name': 'Canada'}]","release_date":"1994-01-29","revenue":0.0,"status":"Released","title":"Heads","vote_average":0.0,"vote_count":0.0,"dt_current_timestamp":1621342641810},{"user_id":3008,"adult":"False","belongs_to_collection":null,"genres":"[{'id': 14, 'name': 'Fantasy'}]","id":"11639","imdb_id":"tt0083791","original_language":"en","original_title":"The Dark Crystal","overview":"On another planet in the distant past, a Gelfling embarks on a quest to find the missing shard of a magical crystal and restore order to his world, before the grotesque race of Skeksis find and use the crystal for evil.","popularity":"13.524001","production_companies":"[{'name': 'Universal Pictures', 'id': 33}, {'name': 'Jim Henson Productions', 'id': 2504}, {'name': 'Incorporated Television Company (ITC)', 'id': 15980}, {'name': 'Henson Associates (HA)', 'id': 24931}]","production_countries":"[{'iso_3166_1': 'GB', 'name': 'United Kingdom'}, {'iso_3166_1': 'US', 'name': 'United States of America'}]","release_date":"1982-12-17","revenue":40577001.0,"status":"Released","title":"The Dark Crystal","vote_average":7.3,"vote_count":233.0,"dt_current_timestamp":1621342641810},{"user_id":2174,"adult":"False","belongs_to_collection":null,"genres":"[{'id': 18, 'name': 'Drama'}, {'id': 27, 'name': 'Horror'}, {'id': 53, 'name': 'Thriller'}, {'id': 10749, 'name': 'Romance'}]","id":"10894","imdb_id":"tt0303361","original_language":"en","original_title":"May","overview":"Psychological horror about a lonely young woman traumatized by a difficult childhood, and her increasingly desperate attempts to connect with the people around her.","popularity":"8.398158","production_companies":"[{'name': 'A Loopy Production LLC', 'id': 29693}, {'name': '2 Loop Films', 'id': 29694}]","production_countries":"[{'iso_3166_1': 'US', 'name': 'United States of America'}]","release_date":"2002-01-13","revenue":150277.0,"status":"Released","title":"May","vote_average":6.3,"vote_count":153.0,"dt_current_timestamp":1621342641810},{"user_id":8528,"adult":"False","belongs_to_collection":null,"genres":"[{'id': 35, 'name': 'Comedy'}, {'id': 12, 'name': 'Adventure'}, {'id': 80, 'name': 'Crime'}]","id":"101362","imdb_id":"tt0060623","original_language":"pl","original_title":"Lekarstwo na mi\u0142o\u015b\u0107","overview":"An architect Joanna tells her friend Halina on the telephone about her love troubles and suddenly hears a nice man's voice: \"The best cure for love is an other love.\" Then she becomes a forgers dispatcher mistaken for Honorata by telephone and decides to work out a forgers secret and the secret of her new love Andrzej.","popularity":"0.021483","production_companies":"[{'name': 'ZRF \"Syrena\"', 'id': 9385}]","production_countries":"[{'iso_3166_1': 'PL', 'name': 'Poland'}]","release_date":"1966-07-20","revenue":0.0,"status":"Released","title":"A Cure for Love","vote_average":0.0,"vote_count":0.0,"dt_current_timestamp":1621342641810},{"user_id":2222,"adult":"False","belongs_to_collection":null,"genres":"[{'id': 36, 'name': 'History'}, {'id': 99, 'name': 'Documentary'}, {'id': 18, 'name': 'Drama'}, {'id': 10752, 'name': 'War'}]","id":"84569","imdb_id":"tt1561406","original_language":"en","original_title":"Chosin","overview":"After 60 years of silence, the survivors of the Chosin Reservoir Campaign of the Korean War take us on an emotional and heart-pounding journey through one of the most savage battles in American history.","popularity":"0.041185","production_companies":"[{'name': 'Veterans', 'id': 8420}, {'name': 'Post Factory Films', 'id': 8421}]","production_countries":"[{'iso_3166_1': 'US', 'name': 'United States of America'}]","release_date":"2010-09-10","revenue":0.0,"status":"Released","title":"Chosin","vote_average":7.0,"vote_count":1.0,"dt_current_timestamp":1621342641810},{"user_id":6917,"adult":"False","belongs_to_collection":null,"genres":"[{'id': 35, 'name': 'Comedy'}]","id":"340190","imdb_id":"tt1950135","original_language":"en","original_title":"Drunk Wedding","overview":"Jon and Elissa dreamed of having an epic destination wedding surrounded by their best friends. But their trip to paradise turns into an outrageous drunken weekend they wish they could forget.","popularity":"0.683918","production_companies":"[{'name': 'Weston Pictures', 'id': 54131}]","production_countries":"[]","release_date":"2015-05-22","revenue":0.0,"status":"Released","title":"Drunk Wedding","vote_average":3.8,"vote_count":9.0,"dt_current_timestamp":1621342641810},{"user_id":2159,"adult":"False","belongs_to_collection":"{'id': 10455, 'name': \"Child's Play Collection\", 'poster_path': '\/50aqbDvbOtdlZrje6Qk4ZvKM7dM.jpg', 'backdrop_path': '\/AAhYXBVIEl6WgQnzfBsauTIC25.jpg'}","genres":"[{'id': 18, 'name': 'Drama'}, {'id': 27, 'name': 'Horror'}]","id":"11186","imdb_id":"tt0099253","original_language":"en","original_title":"Child's Play 2","overview":"Chuckie's back as the doll possessed by the soul of a serial killer, butchering all who stand in his way of possessing the body of a boy.","popularity":"14.310479","production_companies":"[{'name': 'Universal Pictures', 'id': 33}]","production_countries":"[{'iso_3166_1': 'US', 'name': 'United States of America'}]","release_date":"1990-11-09","revenue":35763605.0,"status":"Released","title":"Child's Play 2","vote_average":5.8,"vote_count":323.0,"dt_current_timestamp":1621342641810},{"user_id":2025,"adult":"False","belongs_to_collection":"{'id': 319850, 'name': 'Department Q series', 'poster_path': '\/8x5zFMHbtczdeNa8pKpxS0z8e4L.jpg', 'backdrop_path': '\/mrgykjULNOZavn9xw9bp98aH1Rc.jpg'}","genres":"[{'id': 80, 'name': 'Crime'}, {'id': 18, 'name': 'Drama'}, {'id': 9648, 'name': 'Mystery'}, {'id': 53, 'name': 'Thriller'}]","id":"348668","imdb_id":"tt4088268","original_language":"da","original_title":"Flaskepost fra P","overview":"An old note is found in a bottle in Jutland which has travelled across the ocean for a long time. The note is hard to decipher, but when the Danish investigators from Section Q receive it, the odd personalities within the section find a new angle on it and try to unveil yet another old and diabolic case even though the lead is cold.","popularity":"6.859858","production_companies":"[{'name': 'Det Danske Filminstitut', 'id': 118}, {'name': 'TV2 Danmark', 'id': 758}, {'name': 'Zentropa Entertainments20', 'id': 75414}]","production_countries":"[{'iso_3166_1': 'DK', 'name': 'Denmark'}]","release_date":"2016-03-03","revenue":5900000.0,"status":"Released","title":"A Conspiracy of Faith","vote_average":6.8,"vote_count":110.0,"dt_current_timestamp":1621342641810},{"user_id":7171,"adult":"False","belongs_to_collection":null,"genres":"[{'id': 10749, 'name': 'Romance'}, {'id': 53, 'name': 'Thriller'}, {'id': 80, 'name': 'Crime'}, {'id': 18, 'name': 'Drama'}]","id":"37198","imdb_id":"tt0045911","original_language":"en","original_title":"Inferno","overview":"A spoiled and alcoholic millionaire, Robert Ryan, breaks his leg falling off of a horse, and is left to die in the desert by his cheating wife, Rhonda Fleming, and her lover, William Lundigan.","popularity":"2.290681","production_companies":"[{'name': 'Twentieth Century Fox Film Corporation', 'id': 306}]","production_countries":"[{'iso_3166_1': 'US', 'name': 'United States of America'}]","release_date":"1953-08-12","revenue":0.0,"status":"Released","title":"Inferno","vote_average":5.9,"vote_count":8.0,"dt_current_timestamp":1621342641810},{"user_id":126,"adult":"False","belongs_to_collection":null,"genres":"[{'id': 18, 'name': 'Drama'}]","id":"43255","imdb_id":"tt0048933","original_language":"ja","original_title":"\u8d64\u7dda\u5730\u5e2f","overview":"Akasen Chitai [Red Light District, aka Street of Shame] sadly, the very last film by Kenji Mizoguchi (Sansho Dayu, Ugetsu Monogatari) presents a vivid portrait of prostitution in 1950s Japan. In a Tokyo brothel named Dreamland an obvious irony given the faded hopes of those who work there the lives of five prostitutes intersect. Each has a very different story for how they entered the profession, but what they share is the struggle to make sense of the red light district and its cycle of exploitation. Filmed shortly before the Japanese government's introduction of an anti-prostitution bill, Akasen Chitai is a compelling study of women torn between financial necessity and questions of conscience.","popularity":"1.861653","production_companies":"[{'name': 'Daiei Studios', 'id': 881}]","production_countries":"[{'iso_3166_1': 'JP', 'name': 'Japan'}]","release_date":"1956-03-18","revenue":0.0,"status":"Released","title":"Street of Shame","vote_average":7.7,"vote_count":28.0,"dt_current_timestamp":1621342641810},{"user_id":1565,"adult":"False","belongs_to_collection":null,"genres":"[{'id': 27, 'name': 'Horror'}, {'id': 53, 'name': 'Thriller'}]","id":"150211","imdb_id":"tt2363439","original_language":"en","original_title":"The Frozen","overview":"After a harrowing snowmobile accident, a young couple is stranded in the woods and must survive while waiting for help to arrive. Events take a turn for the worse after the disappearance of Emma's boyfriend, leaving her on her own not only to battle the elements, but also to elude a mysterious hunter who is tracking her through the forest.","popularity":"0.553158","production_companies":"[]","production_countries":"[]","release_date":"2012-10-10","revenue":0.0,"status":"Released","title":"The Frozen","vote_average":4.2,"vote_count":14.0,"dt_current_timestamp":1621342641810},{"user_id":7661,"adult":"False","belongs_to_collection":null,"genres":"[{'id': 35, 'name': 'Comedy'}]","id":"369665","imdb_id":"tt5250938","original_language":"en","original_title":"Trevor Noah: Lost In Translation","overview":"Filmed at The Lincoln Theatre in Washington, D.C., \"Trevor Noah: Lost in Translation\" brings Noah's unique world-view and global analysis of American culture to the forefront. In the special, Noah addresses major domestic and international events of the past year, sharing his outlook on the world today, including terrorism, racial tensions in America and what it was like being African and travelling into the United States during the EBOLA crisis.","popularity":"0.147939","production_companies":"[{'name': 'Ark Angel Productions', 'id': 68479}]","production_countries":"[{'iso_3166_1': 'US', 'name': 'United States of America'}]","release_date":"2015-11-22","revenue":0.0,"status":"Released","title":"Trevor Noah: Lost In Translation","vote_average":8.0,"vote_count":2.0,"dt_current_timestamp":1621342641810},{"user_id":789,"adult":"False","belongs_to_collection":null,"genres":"[{'id': 10749, 'name': 'Romance'}, {'id': 12, 'name': 'Adventure'}, {'id': 10402, 'name': 'Music'}, {'id': 18, 'name': 'Drama'}, {'id': 37, 'name': 'Western'}]","id":"43880","imdb_id":"tt0028207","original_language":"en","original_title":"Rose Marie","overview":"Opera singer, Marie de Flor, seeks out fugitive brother in the Canadian wilderness. During her trek, she meets a Canadian mountie, Sgt. Bruce, who is also searching for her brother. Romance ensues, resulting in several love duets between the two.","popularity":"0.773081","production_companies":"[{'name': 'Metro-Goldwyn-Mayer (MGM)', 'id': 8411}]","production_countries":"[{'iso_3166_1': 'US', 'name': 'United States of America'}]","release_date":"1936-01-31","revenue":0.0,"status":"Released","title":"Rose Marie","vote_average":0.0,"vote_count":0.0,"dt_current_timestamp":1621342641810},{"user_id":9833,"adult":"False","belongs_to_collection":"{'id': 164397, 'name': 'Class of 1999 Collection', 'poster_path': None, 'backdrop_path': None}","genres":"[{'id': 878, 'name': 'Science Fiction'}, {'id': 53, 'name': 'Thriller'}]","id":"23535","imdb_id":"tt0099277","original_language":"en","original_title":"Class of 1999","overview":"The time is in the future and the youth gang violence is so high that the areas around some schools have become \"free-fire zones\", into which not even the police will venture. When Miles Langford, the head of Kennedy High School, decides to take his school back from the gangs, robotics specialist Dr. Robert Forrest provides \"tactical education units\". These are amazingly human-like androids that have been programmed to teach and are supplied with devastatingly effective solutions to discipline problems. So when he violent, out-of-control students of Kennedy High report for class tomorrow, they're going to get a real education... in staying alive!","popularity":"6.700173","production_companies":"[{'name': 'Lightning Pictures', 'id': 4233}, {'name': 'Original Pictures', 'id': 4234}]","production_countries":"[{'iso_3166_1': 'US', 'name': 'United States of America'}]","release_date":"1990-05-11","revenue":2459895.0,"status":"Released","title":"Class of 1999","vote_average":6.3,"vote_count":46.0,"dt_current_timestamp":1621342641810},{"user_id":5905,"adult":"False","belongs_to_collection":null,"genres":"[{'id': 10749, 'name': 'Romance'}, {'id': 80, 'name': 'Crime'}, {'id': 18, 'name': 'Drama'}]","id":"45802","imdb_id":"tt0027336","original_language":"fr","original_title":"Les bas-fonds","overview":"The film treats the imprisoning hold of poverty; the disheartening odds of people rising from such social despair, and the ease in which those in the upper spheres of Society may descend.","popularity":"0.816702","production_companies":"[{'name': 'Films Albatros', 'id': 19161}]","production_countries":"[{'iso_3166_1': 'FR', 'name': 'France'}]","release_date":"1936-12-11","revenue":0.0,"status":"Released","title":"The Lower Depths","vote_average":7.6,"vote_count":11.0,"dt_current_timestamp":1621342641810},{"user_id":2203,"adult":"False","belongs_to_collection":null,"genres":"[{'id': 27, 'name': 'Horror'}, {'id': 53, 'name': 'Thriller'}]","id":"123359","imdb_id":"tt2107648","original_language":"es","original_title":"Ah\u00ed va el diablo","overview":"A married couple loses their children while on a family trip near some caves in Tijuana. The kids eventually reappear without explanation, but it becomes clear that they are not who they used to be, that something terrifying has changed them.","popularity":"2.540221","production_companies":"[{'name': 'Morbido Films', 'id': 22865}, {'name': 'MPI Media Group', 'id': 23457}, {'name': 'Salto de Fe Films', 'id': 23838}]","production_countries":"[{'iso_3166_1': 'MX', 'name': 'Mexico'}]","release_date":"2012-09-11","revenue":4534.0,"status":"Released","title":"Here Comes the Devil","vote_average":5.8,"vote_count":43.0,"dt_current_timestamp":1621342641810},{"user_id":8168,"adult":"False","belongs_to_collection":null,"genres":"[{'id': 35, 'name': 'Comedy'}]","id":"422551","imdb_id":"tt6007376","original_language":"en","original_title":"Josh Blue: Delete","overview":"Comedian Josh Blue performs his act in a Denver club.","popularity":"0.085393","production_companies":"[{'name': 'Comedy Dynamics', 'id': 49261}]","production_countries":"[{'iso_3166_1': 'US', 'name': 'United States of America'}]","release_date":"2016-07-26","revenue":0.0,"status":"Released","title":"Josh Blue: Delete","vote_average":1.0,"vote_count":1.0,"dt_current_timestamp":1621342641810},{"user_id":5979,"adult":"False","belongs_to_collection":null,"genres":"[{'id': 35, 'name': 'Comedy'}]","id":"39015","imdb_id":"tt0043989","original_language":"en","original_title":"Sailor Beware","overview":"Meeting in a navy recruiting line, Al Crowthers (Dean Martin) and Melvin Jones (Jerry Lewis) become friends. Al has tried to enlist before, but was always rejected. He keeps trying so that he can impress women. Melvin, is allergic to women's cosmetics and his doctor prescribed ocean travel, so he decided to join the navy.","popularity":"0.58554","production_companies":"[{'name': 'Paramount Pictures', 'id': 4}]","production_countries":"[{'iso_3166_1': 'US', 'name': 'United States of America'}]","release_date":"1952-02-08","revenue":0.0,"status":"Rumored","title":"Sailor Beware","vote_average":6.4,"vote_count":7.0,"dt_current_timestamp":1621342641810},{"user_id":6792,"adult":"False","belongs_to_collection":null,"genres":"[{'id': 18, 'name': 'Drama'}, {'id': 10749, 'name': 'Romance'}]","id":"192990","imdb_id":"tt0060484","original_language":"en","original_title":"Sky West and Crooked","overview":"A young, lonely, mentaly retarded teenage girl finds solace in burying dead animals after the sudden death of a friend of hers.","popularity":"0.632929","production_companies":"[]","production_countries":"[]","release_date":"1965-08-31","revenue":0.0,"status":"Released","title":"Sky West and Crooked","vote_average":5.3,"vote_count":2.0,"dt_current_timestamp":1621342641810},{"user_id":4148,"adult":"False","belongs_to_collection":"{'id': 107462, 'name': 'Osobennosti Natsionalnoy ... - Collection', 'poster_path': '\/ltSFSkLFpnVVyQUpXvfJM8Nqduh.jpg', 'backdrop_path': '\/7TgcLUyL3ZHgA9qVp2dBbI3uiIC.jpg'}","genres":"[{'id': 35, 'name': 'Comedy'}]","id":"20884","imdb_id":"tt0396781","original_language":"ru","original_title":"\u041e\u0441\u043e\u0431\u0435\u043d\u043d\u043e\u0441\u0442\u0438 \u043d\u0430\u0446\u0438\u043e\u043d\u0430\u043b\u044c\u043d\u043e\u0439 \u043f\u043e\u043b\u0438\u0442\u0438\u043a\u0438","overview":"General Ivolgin, forester Kuzmich, and good-natured Lyova now are going into politics.","popularity":"1.866982","production_companies":"[]","production_countries":"[{'iso_3166_1': 'RU', 'name': 'Russia'}]","release_date":"2003-01-01","revenue":0.0,"status":"Released","title":"Peculiarities of the National Politics","vote_average":4.1,"vote_count":5.0,"dt_current_timestamp":1621342641810},{"user_id":6461,"adult":"False","belongs_to_collection":null,"genres":"[{'id': 28, 'name': 'Action'}, {'id': 18, 'name': 'Drama'}, {'id': 53, 'name': 'Thriller'}]","id":"253626","imdb_id":"tt3297330","original_language":"en","original_title":"Good Kill","overview":"In the shadowy world of drone warfare, combat unfolds like a video game\u2013only with real lives at stake. After six tours of duty, Air Force pilot Tom Egan (Ethan Hawke) now fights the Taliban from an air-conditioned bunker in the Nevada desert. But as he yearns to get back in the cockpit of a real plane and becomes increasingly troubled by the collateral damage he causes each time he pushes a button, Egan\u2019s nerves\u2014and his relationship with his wife (Mad Men's January Jones)\u2014begin to unravel.","popularity":"8.35399","production_companies":"[{'name': 'Voltage Pictures', 'id': 10255}, {'name': 'Sobini Films', 'id': 13923}, {'name': 'Dune Films', 'id': 19477}]","production_countries":"[{'iso_3166_1': 'US', 'name': 'United States of America'}]","release_date":"2015-04-09","revenue":316472.0,"status":"Released","title":"Good Kill","vote_average":5.9,"vote_count":210.0,"dt_current_timestamp":1621342641810},{"user_id":2428,"adult":"False","belongs_to_collection":null,"genres":"[{'id': 99, 'name': 'Documentary'}]","id":"58587","imdb_id":"tt0454121","original_language":"es","original_title":"Diario de un skin","overview":null,"popularity":"0.369894","production_companies":"[]","production_countries":"[{'iso_3166_1': 'ES', 'name': 'Spain'}]","release_date":"2005-06-13","revenue":0.0,"status":"Released","title":"Diario de un skin","vote_average":6.7,"vote_count":7.0,"dt_current_timestamp":1621342641810},{"user_id":7798,"adult":"False","belongs_to_collection":null,"genres":"[{'id': 35, 'name': 'Comedy'}]","id":"144092","imdb_id":"tt2515472","original_language":"en","original_title":"Chris Hardwick: Mandroid","overview":"Hipsters beware: there is no irony in Hardwick\u2019s affinity for Captain Picard, Comic-Con and the Atari 2600. Filmed at Skirball Center for Performing Arts in New York City, \u201cChris Hardwick: Mandroid\u201d features candid comedy tales that cover virginity, chess club, shark vaginas, awkward childhood, awkward adulthood (which in this case is an extension of awkward childhood) and a myriad of other topics which may or may not include Quidditch. From unearthing his old MySpace page to the futility of attempting to delete his Facebook account, Hardwick displays his comical approach to all things trivial in the digital era, all while #hashtagging completely out of context.","popularity":"0.258357","production_companies":"[{'name': 'Irwin Entertainment', 'id': 5466}]","production_countries":"[{'iso_3166_1': 'US', 'name': 'United States of America'}]","release_date":"2012-11-10","revenue":0.0,"status":"Released","title":"Chris Hardwick: Mandroid","vote_average":8.2,"vote_count":5.0,"dt_current_timestamp":1621342641810},{"user_id":2789,"adult":"False","belongs_to_collection":null,"genres":"[{'id': 53, 'name': 'Thriller'}, {'id': 10749, 'name': 'Romance'}, {'id': 10769, 'name': 'Foreign'}]","id":"47587","imdb_id":"tt0114577","original_language":"en","original_title":"Suite 16","overview":"After an argument and fight with a wealthy one night stand in a posh hotel, young hustler Chris finds himself trapped inside. With nowhere to go and the cops closing in on the hotel fast, he wanders into \"Suite 16\" in a fit of despair. Inside, a handicapped and wheelchair bound Glover (Pete Postlethwaite) is held captive for the evening once discovered by Chris. However, things change the next day when Glover informs Chris that the woman he slept with is now dead; and that he surely will be sought out for her murder. Lonely and bored, Glover offers to shelter Chris for awhile while the cuts and bruises from the previous nights escapades have time to heal.","popularity":"0.447431","production_companies":"[{'name': 'Corsan Productions', 'id': 2034}, {'name': 'Theorema Films', 'id': 3891}]","production_countries":"[{'iso_3166_1': 'BE', 'name': 'Belgium'}, {'iso_3166_1': 'NL', 'name': 'Netherlands'}, {'iso_3166_1': 'GB', 'name': 'United Kingdom'}]","release_date":"1994-11-24","revenue":0.0,"status":"Released","title":"Suite 16","vote_average":6.0,"vote_count":2.0,"dt_current_timestamp":1621342641810},{"user_id":8197,"adult":"False","belongs_to_collection":null,"genres":"[{'id': 10749, 'name': 'Romance'}, {'id': 35, 'name': 'Comedy'}]","id":"327909","imdb_id":"tt3144226","original_language":"hu","original_title":"Senki szigete","overview":null,"popularity":"0.017349","production_companies":"[]","production_countries":"[{'iso_3166_1': 'HU', 'name': 'Hungary'}]","release_date":"2014-10-16","revenue":0.0,"status":"Released","title":"No Man's Island","vote_average":0.0,"vote_count":0.0,"dt_current_timestamp":1621342641810},{"user_id":3814,"adult":"False","belongs_to_collection":null,"genres":"[{'id': 18, 'name': 'Drama'}, {'id': 10749, 'name': 'Romance'}, {'id': 10769, 'name': 'Foreign'}]","id":"65545","imdb_id":"tt1217578","original_language":"ru","original_title":"\u0418\u0441\u0447\u0435\u0437\u043d\u0443\u0432\u0448\u0430\u044f \u0438\u043c\u043f\u0435\u0440\u0438\u044f","overview":"This story take place in Moscow during the 1970s and unfolds around the love triangle between two young men and a girl who study at the same university. They argue, make up, and face their first disappointments and victories. While busy with personal lives and loves, they miss foreseeing that the country in which they were born and live will soon disappear from the map.","popularity":"0.402849","production_companies":"[{'name': 'Mosfilm', 'id': 5120}, {'name': 'Vox Video', 'id': 18047}]","production_countries":"[{'iso_3166_1': 'RU', 'name': 'Russia'}]","release_date":"2008-02-14","revenue":0.0,"status":"Released","title":"Vanished Empire","vote_average":5.0,"vote_count":3.0,"dt_current_timestamp":1621342641810},{"user_id":9275,"adult":"False","belongs_to_collection":null,"genres":"[{'id': 99, 'name': 'Documentary'}]","id":"185326","imdb_id":"tt2711748","original_language":"en","original_title":"Broadway Musicals: A Jewish Legacy","overview":"Is it true what they say in Spamalot (\u201cYou won\u2019t make it on Broadway if you don\u2019t have any Jews\u201d)? Tracing Broadway\u2019s Yiddish roots, and exploring back-stories behind many landmark shows from Showboat to Wicked, filmmaker Michael Kantor chronicles the unique role of Jewish musicians in the creation of the modern American musical. This joyful and intelligent documentary features interviews with many theatre artists, rare archival footage and recordings from original Broadway productions, and unforgettable anecdotes (hearing about Ethel Merman\u2019s irreverent behavior at a Passover Seder during the rehearsals for Gypsy will leave you in hysterics).","popularity":"0.026866","production_companies":"[]","production_countries":"[]","release_date":"2013-01-01","revenue":0.0,"status":"Released","title":"Broadway Musicals: A Jewish Legacy","vote_average":0.0,"vote_count":0.0,"dt_current_timestamp":1621342641810}]