[{"user_id":7445,"adult":"False","belongs_to_collection":null,"genres":"[{'id': 12, 'name': 'Adventure'}, {'id': 28, 'name': 'Action'}]","id":"81870","imdb_id":"tt1686784","original_language":"zh","original_title":"\u9f8d\u9580\u98db\u7532","overview":"Flying Swords of Dragon Gate picks up three years after the infamous Dragon Inn was burnt down in the desert when its innkeeper Jade vanished. A new gang of marauders had taken over - innkeepers by day and treasure hunters by night. The inn is the rumoured location of a lost city buried under the desert, and its hidden treasure would only be revealed by a gigantic storm every 60 years. The gang used the inn as a front to locate the lost treasure.","popularity":"18.147447","production_companies":"[{'name': 'Film Workshop', 'id': 3618}, {'name': 'Beijing Liangzi Group', 'id': 8249}, {'name': 'Bona International Film Group', 'id': 8250}, {'name': 'Shineshow', 'id': 8252}]","production_countries":"[{'iso_3166_1': 'CN', 'name': 'China'}]","release_date":"2011-12-15","revenue":0.0,"status":"Released","title":"Flying Swords of Dragon Gate","vote_average":6.0,"vote_count":56.0,"dt_current_timestamp":1621342636011},{"user_id":2951,"adult":"False","belongs_to_collection":null,"genres":"[{'id': 12, 'name': 'Adventure'}, {'id': 53, 'name': 'Thriller'}, {'id': 10751, 'name': 'Family'}, {'id': 878, 'name': 'Science Fiction'}]","id":"210320","imdb_id":"tt0314624","original_language":"en","original_title":"Science Fiction","overview":"Nine-year old Andreas Decker is the new kid in town. He tells his class that he has lived all over the world on account of his parents being top scientific researchers. Yet classmate Vero finds Andreas's workaholic parents really weird. She suggests to spy on them. When Andreas overhears their conversation about conquering the world and becoming leaders, their can only be one conclusion for the baffled children: Andreas's parents are aliens.","popularity":"0.12252","production_companies":"[{'name': 'B&T Film', 'id': 15794}]","production_countries":"[]","release_date":"2002-09-28","revenue":0.0,"status":"Released","title":"Science Fiction","vote_average":8.0,"vote_count":1.0,"dt_current_timestamp":1621342636011},{"user_id":4599,"adult":"False","belongs_to_collection":null,"genres":"[]","id":"264036","imdb_id":"tt2005299","original_language":"ru","original_title":"\u041d\u0435\u0431\u0435\u0441\u043d\u044b\u0439 \u0441\u0443\u0434","overview":null,"popularity":"2.176924","production_companies":"[]","production_countries":"[]","release_date":"2012-05-31","revenue":0.0,"status":"Released","title":"Heavenly Judgement","vote_average":6.3,"vote_count":6.0,"dt_current_timestamp":1621342636011},{"user_id":7709,"adult":"False","belongs_to_collection":null,"genres":"[{'id': 18, 'name': 'Drama'}]","id":"93946","imdb_id":"tt0113314","original_language":"en","original_title":"Hollow Reed","overview":"Following the break-up of his marriage after revealing his homosexuality, GP Martin Wyatt loses custody of his son Oliver to his now ex-wife Hannah and her new partner Frank. It is not long, however, until Oliver appears at the house of Martin and his new lover Tom claiming to have been beaten up by boys in the park. After another incident, Martin puts two and two together and comes to the conclusion that Frank has been beating Oliver without Hannah's knowledge. Martin then begins a long courtroom custody battle to win back his son.","popularity":"0.261217","production_companies":"[]","production_countries":"[]","release_date":"1996-06-24","revenue":0.0,"status":"Released","title":"Hollow Reed","vote_average":6.8,"vote_count":6.0,"dt_current_timestamp":1621342636011},{"user_id":1444,"adult":"False","belongs_to_collection":null,"genres":"[{'id': 28, 'name': 'Action'}, {'id': 18, 'name': 'Drama'}, {'id': 36, 'name': 'History'}]","id":"14392","imdb_id":"tt0913968","original_language":"zh","original_title":"\u6295\u540d\u72c0","overview":"A heroic tale of three blood brothers and their struggle in the midst of war and political upheaval. It is based on \"The Assassination of Ma,\" a Qing Dynasty (1644-1911) story about the killing of general Ma Xinyi.","popularity":"5.854764","production_companies":"[{'name': 'Applause Pictures', 'id': 5346}, {'name': 'Media Asia Films', 'id': 5552}, {'name': 'Beijing Jinyinma Movie & TV Culture Co.', 'id': 5636}, {'name': 'Stellar Mega Films', 'id': 6838}, {'name': 'Beijing Poly-bona Film Publishing Company', 'id': 11414}, {'name': 'Chengtian Entertainment', 'id': 11417}, {'name': 'Morgan & Chan Films', 'id': 12183}, {'name': 'Talent Aid International', 'id': 12184}, {'name': 'China Film Group Corporation (CFGC)', 'id': 14714}]","production_countries":"[{'iso_3166_1': 'CN', 'name': 'China'}, {'iso_3166_1': 'HK', 'name': 'Hong Kong'}]","release_date":"2007-12-12","revenue":0.0,"status":"Released","title":"The Warlords","vote_average":6.3,"vote_count":83.0,"dt_current_timestamp":1621342636011},{"user_id":3545,"adult":"False","belongs_to_collection":null,"genres":"[{'id': 18, 'name': 'Drama'}]","id":"1608","imdb_id":"tt0114917","original_language":"en","original_title":"When Saturday Comes","overview":"Jimmy Muir comes from a typical gritty, northern town where there are only two options: working down the pit or in a factory. But Jimmy has other ideas - he dreams of becoming a professional footballer. Confronted by a bitter and unsupportive father, hard drinking friends and a lifetime of bad habits...has Jimmy the will to achieve his ultimate goal?","popularity":"7.26141","production_companies":"[{'name': \"Pint O'Bitter Productions\", 'id': 1213}, {'name': 'Guild', 'id': 1214}]","production_countries":"[{'iso_3166_1': 'GB', 'name': 'United Kingdom'}]","release_date":"1996-03-01","revenue":0.0,"status":"Released","title":"When Saturday Comes","vote_average":5.3,"vote_count":13.0,"dt_current_timestamp":1621342636011},{"user_id":9256,"adult":"False","belongs_to_collection":null,"genres":"[{'id': 35, 'name': 'Comedy'}, {'id': 14, 'name': 'Fantasy'}]","id":"228426","imdb_id":"tt2006181","original_language":"ja","original_title":"\u3081\u3081\u3081\u306e\u304f\u3089\u3052","overview":"In present-day Japan, little Masashi moves from an evacuation center to a small village. There he will discover that every child has the ability to communicate with a fantastic creature, but they are being used in an evil plan to collect the children\u2019s negative energy. Artist Takashi Murakami \u2018s debut film is an amazing epic story that is an X-Ray of children\u2019s hopes and fears with the artist\u2019s unmistakable visual style.","popularity":"1.512573","production_companies":"[{'name': 'Kaikai Kiki Co.', 'id': 19070}, {'name': 'Nishimura Motion Picture Model Makers Group', 'id': 57503}]","production_countries":"[{'iso_3166_1': 'JP', 'name': 'Japan'}]","release_date":"2013-04-23","revenue":0.0,"status":"Released","title":"Jellyfish Eyes","vote_average":6.5,"vote_count":4.0,"dt_current_timestamp":1621342636011},{"user_id":684,"adult":"False","belongs_to_collection":null,"genres":"[{'id': 99, 'name': 'Documentary'}]","id":"68197","imdb_id":"tt1636849","original_language":"en","original_title":"Chasing Madoff","overview":"A look at how one investigator spent ten years trying to expose Bernie Madoff's massive Ponzi scheme that scammed an estimated $18 billion from investors.","popularity":"0.351217","production_companies":"[]","production_countries":"[{'iso_3166_1': 'US', 'name': 'United States of America'}, {'iso_3166_1': 'CA', 'name': 'Canada'}]","release_date":"2010-11-19","revenue":0.0,"status":"Released","title":"Chasing Madoff","vote_average":5.5,"vote_count":4.0,"dt_current_timestamp":1621342636011},{"user_id":4937,"adult":"False","belongs_to_collection":null,"genres":"[{'id': 37, 'name': 'Western'}]","id":"129851","imdb_id":"tt0067142","original_language":"it","original_title":"Gli fumavano le Colt... lo chiamavano Camposanto","overview":"John and George McIntire are a couple of naive brothers who travel to a lawless western town to see their father. The bumbling siblings get themselves into big trouble after they beat up a member of a gang of extortionists. Fortunately, a mysterious roving gunfighter decides to help the guys out of their jam.","popularity":"0.953466","production_companies":"[{'name': 'Flora Film', 'id': 1501}, {'name': 'National Cinematografica', 'id': 2185}]","production_countries":"[{'iso_3166_1': 'IT', 'name': 'Italy'}]","release_date":"1971-09-23","revenue":0.0,"status":"Released","title":"A Bullet for a Stranger","vote_average":5.0,"vote_count":1.0,"dt_current_timestamp":1621342636011},{"user_id":1547,"adult":"False","belongs_to_collection":null,"genres":"[{'id': 35, 'name': 'Comedy'}, {'id': 18, 'name': 'Drama'}]","id":"15342","imdb_id":"tt1139800","original_language":"fr","original_title":"La Fille de Monaco","overview":"A brilliant and neurotic attorney goes to Monaco to defend a famous criminal. But, instead of focusing on the case, he falls for a beautiful she-devil, who turns him into a complete wreck... Hopefully, his zealous bodyguard will step in and put everything back in order... Or will he ?","popularity":"1.323715","production_companies":"[{'name': 'Warner Bros.', 'id': 6194}]","production_countries":"[{'iso_3166_1': 'FR', 'name': 'France'}]","release_date":"2008-08-20","revenue":0.0,"status":"Released","title":"The Girl from Monaco","vote_average":4.9,"vote_count":25.0,"dt_current_timestamp":1621342636011},{"user_id":2578,"adult":"False","belongs_to_collection":null,"genres":"[{'id': 27, 'name': 'Horror'}, {'id': 10769, 'name': 'Foreign'}]","id":"64215","imdb_id":"tt2063782","original_language":"th","original_title":"Ladda Land","overview":"A family moves into a new house where they gradually begin to encounter paranormal and horror events.","popularity":"0.936761","production_companies":"[{'name': 'GMM Tai Hub (GTH)', 'id': 5369}]","production_countries":"[{'iso_3166_1': 'TH', 'name': 'Thailand'}]","release_date":"2011-04-28","revenue":0.0,"status":"Released","title":"Laddaland","vote_average":6.7,"vote_count":14.0,"dt_current_timestamp":1621342636011},{"user_id":6092,"adult":"False","belongs_to_collection":null,"genres":"[{'id': 35, 'name': 'Comedy'}, {'id': 27, 'name': 'Horror'}, {'id': 878, 'name': 'Science Fiction'}]","id":"9035","imdb_id":"tt0439815","original_language":"en","original_title":"Slither","overview":"A small town is taken over by an alien plague, turning residents into zombies and all forms of mutant monsters.","popularity":"10.375","production_companies":"[{'name': 'Universal Pictures', 'id': 33}]","production_countries":"[{'iso_3166_1': 'CA', 'name': 'Canada'}, {'iso_3166_1': 'US', 'name': 'United States of America'}]","release_date":"2006-03-31","revenue":0.0,"status":"Released","title":"Slither","vote_average":6.3,"vote_count":324.0,"dt_current_timestamp":1621342636011},{"user_id":9256,"adult":"False","belongs_to_collection":null,"genres":"[{'id': 35, 'name': 'Comedy'}, {'id': 18, 'name': 'Drama'}]","id":"12555","imdb_id":"tt0284363","original_language":"cs","original_title":"Obsluhoval jsem anglick\u00e9ho kr\u00e1le","overview":"Jan D\u00edt\u011b has been released from a Czech prison just before the very end of his 15-year sentence. Settling in a town near the border, he occupies his time with rebuilding a deserted house, and recalling his past. His main wish in life was to be a millionaire. Jan begins his career as a frankfurter vendor, and slowly learns the power of money and the influence it exerts over people.","popularity":"1.739765","production_companies":"[]","production_countries":"[{'iso_3166_1': 'CZ', 'name': 'Czech Republic'}, {'iso_3166_1': 'SK', 'name': 'Slovakia'}]","release_date":"2006-12-19","revenue":0.0,"status":"Released","title":"I Served the King of England","vote_average":7.0,"vote_count":22.0,"dt_current_timestamp":1621342636011},{"user_id":6642,"adult":"False","belongs_to_collection":null,"genres":"[{'id': 14, 'name': 'Fantasy'}, {'id': 10749, 'name': 'Romance'}, {'id': 18, 'name': 'Drama'}]","id":"334991","imdb_id":"tt4173478","original_language":"ja","original_title":"\u5cb8\u8fba\u306e\u65c5","overview":"Mizuki\u2019s husband Yusuke went missing for 3 years. He suddenly comes back home one day and asks Mizuki to go on a trip with him. Their trip consists of visiting the people that helped Yusuke on his previous travel. While travelling together, Misuki sees, touches and feels what Yusuke did for those 3 years.","popularity":"1.081604","production_companies":"[{'name': 'WoWow', 'id': 5073}, {'name': 'Comme des Cin\u00e9mas', 'id': 7003}, {'name': 'Amuse', 'id': 14602}, {'name': 'Showgate', 'id': 17392}, {'name': 'Pony Canyon', 'id': 31059}, {'name': 'Hakuhodo', 'id': 32441}, {'name': 'Office Shirous', 'id': 64231}]","production_countries":"[{'iso_3166_1': 'JP', 'name': 'Japan'}]","release_date":"2015-09-30","revenue":0.0,"status":"Released","title":"Journey to the Shore","vote_average":6.7,"vote_count":13.0,"dt_current_timestamp":1621342636011},{"user_id":3001,"adult":"False","belongs_to_collection":"{'id': 421904, 'name': 'Batman (DC Universe Animated) Collection', 'poster_path': '\/4fDffWkGuIt62GQVAUTUgRoZxT2.jpg', 'backdrop_path': '\/feOIJaQTUDaPRgt3g9U5xQhJPoq.jpg'}","genres":"[{'id': 28, 'name': 'Action'}, {'id': 12, 'name': 'Adventure'}, {'id': 16, 'name': 'Animation'}, {'id': 10751, 'name': 'Family'}]","id":"14919","imdb_id":"tt0106364","original_language":"en","original_title":"Batman: Mask of the Phantasm","overview":"An old flame of Bruce Wayne's strolls into town, re-heating up the romance between the two. At the same time, a mass murderer with an axe for one hand begins systematically eliminating Gotham's crime bosses. Due to the person's dark appearance, he is mistaken for Batman. Now on the run, Batman must solve the mystery and deal with the romance between him and Andrea Beaumont.","popularity":"7.29114","production_companies":"[{'name': 'DC Comics', 'id': 429}, {'name': 'Warner Bros.', 'id': 6194}]","production_countries":"[{'iso_3166_1': 'US', 'name': 'United States of America'}]","release_date":"1993-12-25","revenue":5617391.0,"status":"Released","title":"Batman: Mask of the Phantasm","vote_average":7.4,"vote_count":218.0,"dt_current_timestamp":1621342636011},{"user_id":3741,"adult":"False","belongs_to_collection":null,"genres":"[{'id': 18, 'name': 'Drama'}]","id":"132561","imdb_id":"tt1301308","original_language":"en","original_title":"Mixed Kebab","overview":"Ibrahim chooses to fall for young and handsome Kevin over marrying his cute but expensive cousin Elif while kid brother Furkan converts to Islamic fundamentalism.","popularity":"1.482072","production_companies":"[{'name': 'TLA Releasing', 'id': 328}]","production_countries":"[{'iso_3166_1': 'BE', 'name': 'Belgium'}]","release_date":"2012-02-29","revenue":0.0,"status":"Released","title":"Mixed Kebab","vote_average":6.4,"vote_count":10.0,"dt_current_timestamp":1621342636011},{"user_id":6174,"adult":"False","belongs_to_collection":"{'id': 315595, 'name': 'Tinker Bell Collection', 'poster_path': '\/nTEOjP7JpFa9VZlawzqNBy4g5KY.jpg', 'backdrop_path': '\/8wvxr06XNW2zofbOHQqEgokTmLx.jpg'}","genres":"[{'id': 16, 'name': 'Animation'}, {'id': 10751, 'name': 'Family'}]","id":"175112","imdb_id":"tt2483260","original_language":"en","original_title":"Tinker Bell and the Pirate Fairy","overview":"Zarina, a smart and ambitious dust-keeper fairy who\u2019s captivated by Blue Pixie Dust and its endless possibilities, flees Pixie Hollow and joins forces with the scheming pirates of Skull Rock, who make her captain of their ship. Tinker Bell and her friends must embark on an epic adventure to find Zarina, and together they go sword-to-sword with the band of pirates led by a cabin boy named James, who\u2019ll soon be known as Captain Hook himself.","popularity":"12.796484","production_companies":"[{'name': 'DisneyToon Studios', 'id': 5391}]","production_countries":"[{'iso_3166_1': 'US', 'name': 'United States of America'}]","release_date":"2014-02-13","revenue":20300000.0,"status":"Released","title":"Tinker Bell and the Pirate Fairy","vote_average":6.5,"vote_count":286.0,"dt_current_timestamp":1621342636011},{"user_id":4206,"adult":"False","belongs_to_collection":null,"genres":"[]","id":"237718","imdb_id":"tt2632340","original_language":"en","original_title":"How Sherlock Changed the World","overview":"Sherlock Holmes is, without doubt, the most famous fictional detective the world has ever known. HOW SHERLOCK CHANGED THE WORLD will show that Conan Doyle\u2019s hero not only revolutionized the world of fiction, but also changed the real world in more ways than many realize. Holmes was a scientist who used chemistry, fingerprints and bloodstains to catch an offender in an era when eyewitness reports and \u201csmoking gun\u201d evidence were needed to convict criminals, and police incompetence meant that Jack the Ripper stalked the streets freely. In many ways, the modern detective can be seen as a direct extension of Conan Doyle\u2019s literary genius.","popularity":"0.011959","production_companies":"[]","production_countries":"[]","release_date":"2013-10-18","revenue":0.0,"status":"Released","title":"How Sherlock Changed the World","vote_average":0.0,"vote_count":0.0,"dt_current_timestamp":1621342636011},{"user_id":6839,"adult":"False","belongs_to_collection":null,"genres":"[{'id': 99, 'name': 'Documentary'}]","id":"87945","imdb_id":"tt0272022","original_language":"en","original_title":"Chain Camera","overview":"Award-winning director Kirby Dick gave video cameras to 10 students to record their lives at Los Angeles's John Marshall High School with no limitations on what they could shoot. After one week, the cameras were given to 10 new students, and so on, forming a virtual chain letter and a portrait of young America at the turn of the 21st century.","popularity":"0.001258","production_companies":"[]","production_countries":"[]","release_date":"2001-01-19","revenue":0.0,"status":"Released","title":"Chain Camera","vote_average":0.0,"vote_count":0.0,"dt_current_timestamp":1621342636011},{"user_id":7805,"adult":"False","belongs_to_collection":null,"genres":"[{'id': 99, 'name': 'Documentary'}, {'id': 10769, 'name': 'Foreign'}]","id":"37339","imdb_id":"tt0073340","original_language":"en","original_title":"The Man Who Skied Down Everest","overview":"A Japanese skier tries to fulfill his dream of sking down Mount Everest.","popularity":"0.000578","production_companies":"[]","production_countries":"[{'iso_3166_1': 'JP', 'name': 'Japan'}]","release_date":"1975-09-19","revenue":0.0,"status":"Released","title":"The Man Who Skied Down Everest","vote_average":5.0,"vote_count":3.0,"dt_current_timestamp":1621342636011},{"user_id":3988,"adult":"False","belongs_to_collection":null,"genres":"[{'id': 35, 'name': 'Comedy'}, {'id': 14, 'name': 'Fantasy'}, {'id': 10752, 'name': 'War'}]","id":"43387","imdb_id":"tt0041387","original_language":"en","original_title":"Francis","overview":"The truthful soldier Stirling didn't know how to lie about his source of information, the talking army Mule, Francis, so he was treated as a lunatic and led to one after another hilarious situations, where the mule was the only one that appeared in his right mind. In the process of all this, the mule assisted in uncovering a spy, Mareen, who pretended to be lost among the jungles, but was actually...","popularity":"2.67732","production_companies":"[{'name': 'Universal International Pictures (UI)', 'id': 10330}]","production_countries":"[{'iso_3166_1': 'US', 'name': 'United States of America'}]","release_date":"1950-01-01","revenue":0.0,"status":"Released","title":"Francis","vote_average":6.6,"vote_count":8.0,"dt_current_timestamp":1621342636011},{"user_id":1592,"adult":"False","belongs_to_collection":null,"genres":"[{'id': 18, 'name': 'Drama'}, {'id': 10749, 'name': 'Romance'}]","id":"2033","imdb_id":"tt0116635","original_language":"en","original_title":"Infinity","overview":"Story of the early life of genius and Nobel Prize-winning physicist Richard Feynman.","popularity":"1.226688","production_companies":"[{'name': 'Neo Productions', 'id': 887}, {'name': 'Overseas FilmGroup', 'id': 888}]","production_countries":"[{'iso_3166_1': 'US', 'name': 'United States of America'}]","release_date":"1996-10-04","revenue":0.0,"status":"Released","title":"Infinity","vote_average":0.0,"vote_count":0.0,"dt_current_timestamp":1621342636011},{"user_id":9900,"adult":"False","belongs_to_collection":null,"genres":"[{'id': 18, 'name': 'Drama'}]","id":"64334","imdb_id":"tt0295004","original_language":"fr","original_title":"La Vie promise","overview":"Sylvie is a hooker whose illegitimate daughter commits a crime. She and her daughter flee to find Sylvie's first love in the countryside. The daughter is trying to get to know her unwilling mother. Along the way, the two meet a male fugitive and bond with each other.","popularity":"0.156694","production_companies":"[{'name': 'France 2 Cin\u00e9ma', 'id': 83}, {'name': 'Bac Films', 'id': 208}, {'name': 'Canal+', 'id': 5358}, {'name': 'Studio Canal', 'id': 5870}, {'name': 'Soci\u00e9t\u00e9 Fran\u00e7aise de Production (SFP)', 'id': 6849}]","production_countries":"[{'iso_3166_1': 'FR', 'name': 'France'}]","release_date":"2002-09-04","revenue":0.0,"status":"Released","title":"Ghost River","vote_average":6.0,"vote_count":2.0,"dt_current_timestamp":1621342636011},{"user_id":1262,"adult":"False","belongs_to_collection":"{'id': 88574, 'name': 'Scanners Collection', 'poster_path': '\/k5fcdW17cUNbyUVWqGu0Uc8QszN.jpg', 'backdrop_path': None}","genres":"[{'id': 27, 'name': 'Horror'}, {'id': 878, 'name': 'Science Fiction'}, {'id': 28, 'name': 'Action'}]","id":"24331","imdb_id":"tt0102848","original_language":"en","original_title":"Scanners II: The New Order","overview":"A scanner discovers a plot by renegade elements in the city government to take power with the help of evil scanners.","popularity":"2.201123","production_companies":"[{'name': 'Malofilm', 'id': 3498}, {'name': 'Allegro Films', 'id': 4899}, {'name': 'The Image Organization', 'id': 8335}, {'name': 'Filmtech', 'id': 15102}]","production_countries":"[{'iso_3166_1': 'CA', 'name': 'Canada'}]","release_date":"1991-06-28","revenue":14225876.0,"status":"Released","title":"Scanners II: The New Order","vote_average":4.6,"vote_count":22.0,"dt_current_timestamp":1621342636011},{"user_id":6638,"adult":"False","belongs_to_collection":null,"genres":"[{'id': 99, 'name': 'Documentary'}]","id":"376426","imdb_id":"tt5151716","original_language":"en","original_title":"Tony Robbins: I Am Not Your Guru","overview":"Granted unprecedented access, Berlinger captures renowned life and business strategist Tony Robbins behind the scenes of his mega seminar Date with Destiny, pulling back the curtain on this life-altering and controversial event, the zealous participants and the man himself.","popularity":"0.942684","production_companies":"[{'name': 'Radical Media', 'id': 11152}]","production_countries":"[{'iso_3166_1': 'US', 'name': 'United States of America'}]","release_date":"2016-07-15","revenue":0.0,"status":"Released","title":"Tony Robbins: I Am Not Your Guru","vote_average":6.6,"vote_count":23.0,"dt_current_timestamp":1621342636011},{"user_id":250,"adult":"False","belongs_to_collection":null,"genres":"[{'id': 28, 'name': 'Action'}, {'id': 18, 'name': 'Drama'}, {'id': 27, 'name': 'Horror'}, {'id': 53, 'name': 'Thriller'}]","id":"216580","imdb_id":"tt2378453","original_language":"en","original_title":"Savaged","overview":"After thugs brutalize a deaf-mute woman, the spirit of an Apache warrior takes over her lifeless body and sets out on a bloodthirsty quest for revenge.","popularity":"4.960171","production_companies":"[{'name': 'Raven Banner Entertainment', 'id': 25884}, {'name': 'Green Dog Films', 'id': 25885}, {'name': 'Cart Before The Horse Productions', 'id': 40495}]","production_countries":"[{'iso_3166_1': 'US', 'name': 'United States of America'}]","release_date":"2014-08-06","revenue":0.0,"status":"Released","title":"Savaged","vote_average":5.7,"vote_count":47.0,"dt_current_timestamp":1621342636011},{"user_id":9657,"adult":"False","belongs_to_collection":"{'id': 19387, 'name': 'The X-Files Collection', 'poster_path': '\/uqvuUgReZ5Y5C7S7axeRxE8zSM1.jpg', 'backdrop_path': '\/22p3xTTuXc9FEnzyGlfB9KBtR4Y.jpg'}","genres":"[{'id': 9648, 'name': 'Mystery'}, {'id': 878, 'name': 'Science Fiction'}, {'id': 53, 'name': 'Thriller'}]","id":"846","imdb_id":"tt0120902","original_language":"en","original_title":"The X Files","overview":"Mulder and Scully, now taken off the FBI's X Files cases, must find a way to fight the shadowy elements of the government to find out the truth about a conspiracy that might mean the alien colonization of Earth.","popularity":"12.311615","production_companies":"[{'name': 'Twentieth Century Fox Film Corporation', 'id': 306}, {'name': 'Ten Thirteen Productions', 'id': 545}]","production_countries":"[{'iso_3166_1': 'CA', 'name': 'Canada'}, {'iso_3166_1': 'US', 'name': 'United States of America'}]","release_date":"1998-06-19","revenue":189198313.0,"status":"Released","title":"The X Files","vote_average":6.6,"vote_count":494.0,"dt_current_timestamp":1621342636011},{"user_id":4780,"adult":"False","belongs_to_collection":null,"genres":"[{'id': 18, 'name': 'Drama'}, {'id': 10751, 'name': 'Family'}]","id":"17078","imdb_id":"tt0191043","original_language":"fa","original_title":"\u0631\u0646\u06af \u062e\u062f\u0627","overview":"The story revolves around a blind boy named Mohammed who is released from his special school in Tehran for summer vacation. His father, shamed and burdened by Mohammed's blindness, arrives late to pick him up and then tries to convince the headmaster to keep Mohammed over the summer. The headmaster refuses, so Mohammed's father eventually takes him home.","popularity":"2.066253","production_companies":"[{'name': 'Varahonar Company', 'id': 37740}]","production_countries":"[{'iso_3166_1': 'IR', 'name': 'Iran'}]","release_date":"1999-02-08","revenue":0.0,"status":"Released","title":"The Color of Paradise","vote_average":7.1,"vote_count":34.0,"dt_current_timestamp":1621342636011},{"user_id":9734,"adult":"False","belongs_to_collection":null,"genres":"[{'id': 10752, 'name': 'War'}, {'id': 18, 'name': 'Drama'}, {'id': 10749, 'name': 'Romance'}]","id":"11541","imdb_id":"tt0086617","original_language":"en","original_title":"The Year of Living Dangerously","overview":"Australian journalist Guy Hamilton travels to Indonesia to cover civil strife in 1965. There, on the eve of an attempted coup, he befriends a Chinese Australian photographer with a deep connection to and vast knowledge of the Indonesian people and also falls in love with a British national.","popularity":"13.293569","production_companies":"[{'name': 'Metro-Goldwyn-Mayer (MGM)', 'id': 8411}, {'name': 'McElroy & McElroy', 'id': 8808}]","production_countries":"[{'iso_3166_1': 'AU', 'name': 'Australia'}, {'iso_3166_1': 'US', 'name': 'United States of America'}]","release_date":"1982-12-17","revenue":1317657.0,"status":"Released","title":"The Year of Living Dangerously","vote_average":6.8,"vote_count":84.0,"dt_current_timestamp":1621342636011},{"user_id":3808,"adult":"False","belongs_to_collection":"{'id': 301508, 'name': 'Sadako 3D Collection', 'poster_path': None, 'backdrop_path': None}","genres":"[{'id': 27, 'name': 'Horror'}]","id":"140441","imdb_id":"tt1844025","original_language":"ja","original_title":"\u8c9e\u5b503D","overview":"Akane is a high school teacher who hears a rumor from her students that there is actual footage on the Internet of someone's suicide. The footage is said to drive anyone who sees it to also commit suicide. Akane does not believe the rumor at first, but when one of her female students dies after viewing the footage, she and her boyfriend Takanori are fatefully drawn into the horror that has been created by the man who appears in the suicide footage, Kashiwada. Kashiwada's intention is to create chaos in the world by bringing back Sadako and the power of her curse. Now Akane has to fight against Sadako and Kashiwada to save the lives of herself and Takanori.","popularity":"9.039479","production_companies":"[{'name': 'Kadokawa Pictures', 'id': 2073}]","production_countries":"[{'iso_3166_1': 'JP', 'name': 'Japan'}]","release_date":"2012-05-12","revenue":0.0,"status":"Released","title":"Sadako 3D","vote_average":5.9,"vote_count":18.0,"dt_current_timestamp":1621342636011},{"user_id":8623,"adult":"False","belongs_to_collection":null,"genres":"[{'id': 35, 'name': 'Comedy'}]","id":"15271","imdb_id":"tt0325123","original_language":"en","original_title":"Bright Young Things","overview":"in the 1930\u2019s a social set known to the press \u2013 who follow their every move \u2013 as the \u201cBright Young Things.\u201d are Adam and his friends who are eccentric, wild and entirely shocking to the older generation. Amidst the madness, Adam, who is well connected but totally broke, is desperately trying to get enough money to marry the beautiful Nina. While his attempts to raise cash are constantly thwarted, their friends seem to self-destruct, one-by-one, in an endless search for newer and faster sensations. Finally, when world events out of their control come crashing around them, they are forced to reassess their lives and what they value most.","popularity":"2.466442","production_companies":"[]","production_countries":"[{'iso_3166_1': 'GB', 'name': 'United Kingdom'}]","release_date":"2003-05-16","revenue":0.0,"status":"Released","title":"Bright Young Things","vote_average":6.1,"vote_count":22.0,"dt_current_timestamp":1621342636011},{"user_id":7284,"adult":"False","belongs_to_collection":null,"genres":"[{'id': 99, 'name': 'Documentary'}]","id":"280276","imdb_id":"tt3817848","original_language":"en","original_title":"Turtle Power: The Definitive History of the Teenage Mutant Ninja Turtles","overview":"In the spring of 1984, a strange new comic book sat beside cash registers in select shops, too big to fit in the racks, and too weird to ignore. Eastman and Laird's Teenage Mutant Ninja Turtles presented a completely original breed of super hero. It was too bizarre, too crazy. It broke all the rules and should never have worked. Until it sold out. Again and again and again. For 30 years. Now, peek under the shell and see how this so-called \"happy accident\" defied every naysayer to become one of the most popular and beloved franchises in the world.","popularity":"0.519473","production_companies":"[{'name': 'iProductions', 'id': 29922}, {'name': 'FauxPop Media', 'id': 29923}]","production_countries":"[{'iso_3166_1': 'US', 'name': 'United States of America'}]","release_date":"2014-08-12","revenue":0.0,"status":"Released","title":"Turtle Power: The Definitive History of the Teenage Mutant Ninja Turtles","vote_average":7.0,"vote_count":6.0,"dt_current_timestamp":1621342636011},{"user_id":6625,"adult":"False","belongs_to_collection":null,"genres":"[{'id': 9648, 'name': 'Mystery'}, {'id': 35, 'name': 'Comedy'}, {'id': 80, 'name': 'Crime'}]","id":"62046","imdb_id":"tt1541160","original_language":"en","original_title":"Flypaper","overview":"A man caught in the middle of two simultaneous robberies at a bank desperately tries to protect the teller with whom he's secretly in love.","popularity":"8.132748","production_companies":"[{'name': 'Rising Star', 'id': 1208}, {'name': 'The Safran Company', 'id': 11565}, {'name': 'Foresight Unlimited', 'id': 21897}, {'name': 'Shifting Gears Entertainment', 'id': 23159}]","production_countries":"[{'iso_3166_1': 'DE', 'name': 'Germany'}, {'iso_3166_1': 'US', 'name': 'United States of America'}]","release_date":"2011-08-19","revenue":3142154.0,"status":"Released","title":"Flypaper","vote_average":6.2,"vote_count":261.0,"dt_current_timestamp":1621342636011},{"user_id":7524,"adult":"False","belongs_to_collection":null,"genres":"[{'id': 18, 'name': 'Drama'}, {'id': 27, 'name': 'Horror'}]","id":"3026","imdb_id":"tt0053348","original_language":"fr","original_title":"Le Testament du Docteur Cordelier","overview":"Dr. Cordelier, living in a suburb of Paris, withdraws from society to pursue research into the functioning of the human brain. His lifelong friend, Ma\u00eetre Joly, becomes concerned when Cordelier draws up a will that bequeaths his entire estate to a stranger, Monsieur Opale; he cannot understand why Cordelier defends him, considering Opale attacks women and children. After a colleague is killed, Joly confronts Cordelier and discovers the truth behind his friend's behavior.","popularity":"0.573507","production_companies":"[{'name': 'Compagnie Jean Renoir', 'id': 1292}, {'name': 'ORTF', 'id': 1293}]","production_countries":"[{'iso_3166_1': 'FR', 'name': 'France'}]","release_date":"1959-01-01","revenue":0.0,"status":"Released","title":"The Testament of Dr. Cordelier","vote_average":5.9,"vote_count":7.0,"dt_current_timestamp":1621342636011},{"user_id":6038,"adult":"False","belongs_to_collection":null,"genres":"[{'id': 35, 'name': 'Comedy'}, {'id': 16, 'name': 'Animation'}]","id":"20715","imdb_id":"tt1193627","original_language":"en","original_title":"Immigrants (L.A. Dolce Vita)","overview":"No overview found.","popularity":"1.019084","production_companies":"[{'name': 'Grand Allure Entertainment', 'id': 20421}, {'name': 'Megafilm', 'id': 59149}, {'name': 'Klasky-Csupo', 'id': 59150}]","production_countries":"[{'iso_3166_1': 'HU', 'name': 'Hungary'}, {'iso_3166_1': 'US', 'name': 'United States of America'}]","release_date":"2008-10-30","revenue":0.0,"status":"Released","title":"Immigrants (L.A. Dolce Vita)","vote_average":5.3,"vote_count":5.0,"dt_current_timestamp":1621342636011},{"user_id":2410,"adult":"False","belongs_to_collection":null,"genres":"[{'id': 18, 'name': 'Drama'}]","id":"41164","imdb_id":"tt0103036","original_language":"en","original_title":"Talent for the Game","overview":"Major League Baseball scout must find promising young player to save his job and his team.","popularity":"0.261989","production_companies":"[{'name': 'Paramount', 'id': 6033}]","production_countries":"[{'iso_3166_1': 'US', 'name': 'United States of America'}]","release_date":"1991-04-26","revenue":0.0,"status":"Released","title":"Talent for the Game","vote_average":6.0,"vote_count":1.0,"dt_current_timestamp":1621342636011},{"user_id":7604,"adult":"False","belongs_to_collection":"{'id': 88735, 'name': 'K-9 Collection', 'poster_path': '\/moEkdT6SE1HxR9QHwor6DJX8NYe.jpg', 'backdrop_path': '\/mdG3H2w9Ktc2Ua6tJie3eUE8Zte.jpg'}","genres":"[{'id': 28, 'name': 'Action'}, {'id': 35, 'name': 'Comedy'}, {'id': 80, 'name': 'Crime'}]","id":"10345","imdb_id":"tt0097637","original_language":"en","original_title":"K-9","overview":"The extravagant cop Michael Dooley needs some help to fight a drug dealer who has tried to kill him. A \"friend\" gives him a dog named Jerry Lee (Officer Lewis), who has been trained to smell drugs. With his help, Dooley sets out to put his enemy behind the bars, but Jerry Lee has a personality of his own and works only when he wants to. On the other hand, the dog is quite good at destroying Dooley's car, house and sex-life...","popularity":"5.772293","production_companies":"[{'name': 'Universal Pictures', 'id': 33}, {'name': 'Gordon Company', 'id': 1073}]","production_countries":"[{'iso_3166_1': 'US', 'name': 'United States of America'}]","release_date":"1989-04-28","revenue":78247647.0,"status":"Released","title":"K-9","vote_average":5.5,"vote_count":209.0,"dt_current_timestamp":1621342636011},{"user_id":903,"adult":"False","belongs_to_collection":null,"genres":"[{'id': 99, 'name': 'Documentary'}]","id":"65103","imdb_id":"tt1437364","original_language":"en","original_title":"Race to Nowhere","overview":"Race to Nowhere is a film containing stories of young people across the country who have been pushed to the brink, educators who are burned out and worried that students aren\u2019t developing the skills they need, and parents who are trying to do what\u2019s best for their children.","popularity":"0.246243","production_companies":"[]","production_countries":"[]","release_date":"2009-12-31","revenue":0.0,"status":"Released","title":"Race to Nowhere","vote_average":6.0,"vote_count":1.0,"dt_current_timestamp":1621342636011},{"user_id":3099,"adult":"False","belongs_to_collection":null,"genres":"[{'id': 18, 'name': 'Drama'}]","id":"10637","imdb_id":"tt0210945","original_language":"en","original_title":"Remember the Titans","overview":"After leading his football team to 15 winning seasons, coach Bill Yoast is demoted and replaced by Herman Boone \u2013 tough, opinionated and as different from the beloved Yoast as he could be. The two men learn to overcome their differences and turn a group of hostile young men into true champions.","popularity":"6.587726","production_companies":"[{'name': 'Walt Disney Pictures', 'id': 2}, {'name': 'Jerry Bruckheimer Films', 'id': 130}, {'name': 'Technical Black', 'id': 72823}, {'name': 'Run It Up Productions Inc.', 'id': 72824}]","production_countries":"[{'iso_3166_1': 'US', 'name': 'United States of America'}]","release_date":"2000-09-29","revenue":136706683.0,"status":"Released","title":"Remember the Titans","vote_average":7.4,"vote_count":835.0,"dt_current_timestamp":1621342636011},{"user_id":5739,"adult":"False","belongs_to_collection":null,"genres":"[{'id': 28, 'name': 'Action'}, {'id': 35, 'name': 'Comedy'}]","id":"26486","imdb_id":"tt0357054","original_language":"en","original_title":"The Last Shot","overview":"A movie director-screenwriter finds a man to finance his latest project but soon discovers that the producer is actually an undercover FBI agent working on a mob sting operation.","popularity":"6.292054","production_companies":"[{'name': 'Touchstone Pictures', 'id': 9195}, {'name': 'Mandeville Films', 'id': 10227}, {'name': 'Morra, Brezner, Steinberg and Tenenbaum Entertainment (MBST)', 'id': 59952}, {'name': 'Burro Productions', 'id': 59955}]","production_countries":"[{'iso_3166_1': 'US', 'name': 'United States of America'}]","release_date":"2004-09-24","revenue":0.0,"status":"Released","title":"The Last Shot","vote_average":5.9,"vote_count":15.0,"dt_current_timestamp":1621342636011},{"user_id":924,"adult":"False","belongs_to_collection":null,"genres":"[{'id': 28, 'name': 'Action'}, {'id': 80, 'name': 'Crime'}, {'id': 53, 'name': 'Thriller'}]","id":"9911","imdb_id":"tt0758771","original_language":"en","original_title":"Outlaw","overview":"A group of people who feel betrayed by their government and let down by their police force form a modern-day outlaw posse in order to right what they see as the wrongs of society.","popularity":"2.719018","production_companies":"[{'name': 'Ingenious Film Partners', 'id': 289}, {'name': 'Vertigo Films', 'id': 10393}]","production_countries":"[{'iso_3166_1': 'GB', 'name': 'United Kingdom'}]","release_date":"2007-03-09","revenue":0.0,"status":"Released","title":"Outlaw","vote_average":5.2,"vote_count":47.0,"dt_current_timestamp":1621342636011},{"user_id":6850,"adult":"False","belongs_to_collection":null,"genres":"[{'id': 35, 'name': 'Comedy'}, {'id': 16, 'name': 'Animation'}, {'id': 10751, 'name': 'Family'}]","id":"20007","imdb_id":"tt0078915","original_language":"en","original_title":"The Bugs Bunny\/Road Runner Movie","overview":"A collection of Warner Brothers short cartoon features, \"starring\" the likes of Daffy Duck, Porky Pig and Wile.E.Coyote. These animations are interspersed by Bugs Bunny reminiscing on past events and providing links between the individual animations which are otherwise unconnected. This 1979 feature-length compilation includes several of his best cartoons. Among the 11 shorts shown in their entirety are the classics \"Robin Hood Daffy,\" \"What's Opera, Doc?,\" \"Bully for Bugs,\" and \"Duck Amuck\". The Bugs Bunny Road Runner Movie provides a showcase not only for Jones's razor-sharp timing, but for the work of his exceptional crew, which included designer Maurice Noble, writer Mike Maltese, composers Carl Stalling and Milt Franklyn, and voice actor Mel Blanc.","popularity":"2.684017","production_companies":"[{'name': 'Warner Bros.', 'id': 6194}]","production_countries":"[{'iso_3166_1': 'US', 'name': 'United States of America'}]","release_date":"1979-09-30","revenue":0.0,"status":"Released","title":"The Bugs Bunny\/Road Runner Movie","vote_average":6.7,"vote_count":29.0,"dt_current_timestamp":1621342636011},{"user_id":1167,"adult":"False","belongs_to_collection":null,"genres":"[{'id': 35, 'name': 'Comedy'}, {'id': 18, 'name': 'Drama'}, {'id': 10749, 'name': 'Romance'}]","id":"355998","imdb_id":"tt4076164","original_language":"en","original_title":"In the Room","overview":"This sensitive and sensual film draws together several narratives spanning several decades, all of them transpiring in the same room of the same Singaporean hotel \u2014 and all of them involving sex.","popularity":"1.233068","production_companies":"[{'name': 'Zhao Wei Films', 'id': 17365}]","production_countries":"[{'iso_3166_1': 'HK', 'name': 'Hong Kong'}, {'iso_3166_1': 'SG', 'name': 'Singapore'}]","release_date":"2015-09-15","revenue":0.0,"status":"Released","title":"In the Room","vote_average":4.6,"vote_count":9.0,"dt_current_timestamp":1621342636011},{"user_id":9043,"adult":"False","belongs_to_collection":null,"genres":"[{'id': 28, 'name': 'Action'}, {'id': 36, 'name': 'History'}, {'id': 18, 'name': 'Drama'}]","id":"14538","imdb_id":"tt0882978","original_language":"en","original_title":"\u4e09\u56fd\u4e4b\u89c1\u9f99\u5378\u7532","overview":"The aging Zhao embarks on his final and greatest campaign, a road to adventure that will crown his name in glory for all time.","popularity":"3.86486","production_companies":"[{'name': 'Visualizer Film Productions', 'id': 2921}, {'name': 'Taewon Entertainment', 'id': 3965}]","production_countries":"[{'iso_3166_1': 'CN', 'name': 'China'}, {'iso_3166_1': 'HK', 'name': 'Hong Kong'}, {'iso_3166_1': 'KR', 'name': 'South Korea'}]","release_date":"2008-04-03","revenue":0.0,"status":"Released","title":"Three Kingdoms: Resurrection of the Dragon","vote_average":6.5,"vote_count":36.0,"dt_current_timestamp":1621342636011},{"user_id":7419,"adult":"False","belongs_to_collection":null,"genres":"[{'id': 35, 'name': 'Comedy'}]","id":"20120","imdb_id":"tt0083652","original_language":"en","original_title":"Bill Cosby: Himself","overview":"A 1983 stand-up comedy film featuring the comedy of Bill Cosby. Filmed before a live audience at the Hamilton Place Theatre, in Hamilton, Ontario. Cosby gives his comedic views on people who drink too much and take drugs, going to the dentist, marriage and parenthood.","popularity":"1.039767","production_companies":"[]","production_countries":"[{'iso_3166_1': 'US', 'name': 'United States of America'}]","release_date":"1983-05-20","revenue":0.0,"status":"Released","title":"Bill Cosby: Himself","vote_average":7.5,"vote_count":14.0,"dt_current_timestamp":1621342636011},{"user_id":2414,"adult":"False","belongs_to_collection":"{'id': 123720, 'name': 'Frankenstein (Hammer Series)', 'poster_path': '\/fKiok5TbCKWRgfNd4Rj8gPMzGJp.jpg', 'backdrop_path': '\/gl9Gi60C9WYVkObOMll19OROhMC.jpg'}","genres":"[{'id': 27, 'name': 'Horror'}, {'id': 878, 'name': 'Science Fiction'}]","id":"3117","imdb_id":"tt0071519","original_language":"en","original_title":"Frankenstein and the Monster from Hell","overview":"Dr Simon Helder, sentenced to an insane asylum for crimes against humanity, recognises its director as the brilliant Baron Frankenstein, the man whose work he had been trying to emulate before his imprisonment. Frankenstein utilises Helder's medical knowledge for a project he has been working on for some time. He is assembling a man from vital organs extracted from various inmates in the asylum. And the Baron will resort to murder to acquire the perfect specimens for his most ambitious project ever.","popularity":"8.388808","production_companies":"[{'name': 'Hammer Film Productions', 'id': 1314}]","production_countries":"[{'iso_3166_1': 'GB', 'name': 'United Kingdom'}]","release_date":"1973-03-31","revenue":0.0,"status":"Released","title":"Frankenstein and the Monster from Hell","vote_average":6.3,"vote_count":23.0,"dt_current_timestamp":1621342636011},{"user_id":3291,"adult":"False","belongs_to_collection":null,"genres":"[{'id': 18, 'name': 'Drama'}]","id":"110643","imdb_id":"tt0087688","original_language":"en","original_title":"Mass Appeal","overview":"A young seminarian rattles the established order at a Catholic parish run by an older pastor. (TCM.com)","popularity":"0.582317","production_companies":"[]","production_countries":"[]","release_date":"1984-12-14","revenue":0.0,"status":"Released","title":"Mass Appeal","vote_average":7.5,"vote_count":3.0,"dt_current_timestamp":1621342636011},{"user_id":4206,"adult":"False","belongs_to_collection":null,"genres":"[{'id': 80, 'name': 'Crime'}, {'id': 18, 'name': 'Drama'}, {'id': 53, 'name': 'Thriller'}]","id":"340677","imdb_id":"tt2679552","original_language":"en","original_title":"I.T.","overview":"Mike Regan is a successful, self-made crook who has it all: a gorgeous and disloyal wife, a spoilt and selfish teenage daughter and a sleek, state-of-the-art \u201csmart home\u201d. But he soon finds himself in a deadly, high-stakes game of cat-and-mouse when his I.T. hacker, Ed, starts using his skills to stalk Mike\u2019s daughter and endanger his family, his business, and his life. In a world where there is no privacy, and personal secrets can go viral by the click of a mouse, Mike needs to pay off some old connections to get rid of the insolent pest.","popularity":"21.815354","production_companies":"[{'name': 'Irish Dreamtime', 'id': 597}, {'name': 'Fastnet Films', 'id': 5353}, {'name': 'Canal+', 'id': 5358}, {'name': 'Voltage Pictures', 'id': 10255}, {'name': 'Cin\u00e9+', 'id': 10611}, {'name': '22h22', 'id': 17653}, {'name': 'Mutressa Movies', 'id': 23318}, {'name': 'Friendly Films', 'id': 53637}]","production_countries":"[{'iso_3166_1': 'FR', 'name': 'France'}, {'iso_3166_1': 'IE', 'name': 'Ireland'}, {'iso_3166_1': 'US', 'name': 'United States of America'}]","release_date":"2016-09-09","revenue":0.0,"status":"Released","title":"I.T.","vote_average":5.3,"vote_count":198.0,"dt_current_timestamp":1621342636011},{"user_id":6496,"adult":"False","belongs_to_collection":null,"genres":"[{'id': 28, 'name': 'Action'}, {'id': 35, 'name': 'Comedy'}]","id":"102059","imdb_id":"tt0097081","original_language":"en","original_title":"Collision Course","overview":"Tony Costas, a brash, obnoxious, sexist and racist Detroit cop who has long since stopped following the rules, gets told that he will have to work with Inspector Fuji, a straightlaced policeman from Japan. Fuji is in Detroit searching for a Japanese engineer who has gone to America with plans for a top secret car part. The pair naturally fail to get along at first, but as the investigation continues, they almost begin to come close to tolerating each other's presence.","popularity":"0.515425","production_companies":"[]","production_countries":"[{'iso_3166_1': 'US', 'name': 'United States of America'}]","release_date":"1988-04-22","revenue":0.0,"status":"Released","title":"Collision Course","vote_average":3.5,"vote_count":6.0,"dt_current_timestamp":1621342636011},{"user_id":3422,"adult":"False","belongs_to_collection":null,"genres":"[{'id': 878, 'name': 'Science Fiction'}]","id":"25874","imdb_id":"tt0064473","original_language":"en","original_title":"The Illustrated Man","overview":"A man who has a body almost completely covered in tattoos is searching for the woman who cursed him with the \"skin illustrations\". Each tattoo reveals a bizarre story, which is experienced by staring at the scene depicted. When the illustrated man meets a fellow tramp on the road a strange voyage begins.","popularity":"2.237092","production_companies":"[{'name': 'SKM', 'id': 6131}]","production_countries":"[{'iso_3166_1': 'US', 'name': 'United States of America'}]","release_date":"1969-03-26","revenue":0.0,"status":"Released","title":"The Illustrated Man","vote_average":5.4,"vote_count":15.0,"dt_current_timestamp":1621342636011},{"user_id":232,"adult":"False","belongs_to_collection":null,"genres":"[{'id': 53, 'name': 'Thriller'}, {'id': 27, 'name': 'Horror'}]","id":"140781","imdb_id":"tt1254978","original_language":"en","original_title":"Daylight","overview":"Young newlyweds Irene and Daniel make the mistake of picking up a hitchhiker -- and soon find themselves taken hostage by three dangerous criminals.","popularity":"0.062936","production_companies":"[]","production_countries":"[]","release_date":"2011-07-17","revenue":0.0,"status":"Released","title":"Daylight","vote_average":5.0,"vote_count":1.0,"dt_current_timestamp":1621342636011},{"user_id":8273,"adult":"False","belongs_to_collection":null,"genres":"[{'id': 16, 'name': 'Animation'}, {'id': 18, 'name': 'Drama'}]","id":"49565","imdb_id":"tt0093488","original_language":"fr","original_title":"L'homme qui plantait des arbres","overview":"This animated short film tells the story of a shepherd who repairs the ruined ecosystem of a secluded valley by singlehandedly cultivating a forest over a thirty year period.","popularity":"2.107199","production_companies":"[{'name': 'Soci\u00e9t\u00e9 Radio-Canada', 'id': 9115}, {'name': 'National Film Board of Canada', 'id': 10473}, {'name': 'Canadian Broadcasting Corporation (CBC)', 'id': 12113}]","production_countries":"[{'iso_3166_1': 'CA', 'name': 'Canada'}, {'iso_3166_1': 'FR', 'name': 'France'}]","release_date":"1987-05-13","revenue":0.0,"status":"Released","title":"The Man Who Planted Trees","vote_average":8.2,"vote_count":35.0,"dt_current_timestamp":1621342636011},{"user_id":5768,"adult":"False","belongs_to_collection":null,"genres":"[{'id': 35, 'name': 'Comedy'}, {'id': 10749, 'name': 'Romance'}]","id":"144595","imdb_id":"tt2226285","original_language":"nl","original_title":"Alles is familie","overview":"All the members of the De Roover family have ended up at a point of no return in their lives where crucial choices have to be made. Winnie wants a child. Her husband Rutmer wants to get in touch with his feelings. His brother Charlie doesn't want any responsibilities. Their brother-in-law Dick wants his deceased wife back. Head of the family Arend wants to be happy. Mother Jeannette wants somebody to want her. Written by Topkapi Films","popularity":"1.513933","production_companies":"[{'name': 'Eyeworks Film', 'id': 7608}]","production_countries":"[{'iso_3166_1': 'NL', 'name': 'Netherlands'}]","release_date":"2012-11-21","revenue":0.0,"status":"Released","title":"Family Way","vote_average":6.4,"vote_count":24.0,"dt_current_timestamp":1621342636011},{"user_id":6567,"adult":"False","belongs_to_collection":null,"genres":"[{'id': 10749, 'name': 'Romance'}, {'id': 35, 'name': 'Comedy'}]","id":"420967","imdb_id":"tt4943236","original_language":"en","original_title":"Girlfriends of Christmas Past","overview":"When three hilarious, strong-willed women join forces to seek the ultimate revenge on their cheating ex at his upcoming holiday retreat, love struck event planner Livvy meets Carter, the property manager organizing it all, leaving Livvy to question if she can leave off their revenge scheme long enough to finally forgive her ex and let a real holiday romance blossom.","popularity":"0.058558","production_companies":"[{'name': 'Goliath Film and Media Holdings', 'id': 73129}]","production_countries":"[{'iso_3166_1': 'US', 'name': 'United States of America'}]","release_date":"2016-10-25","revenue":0.0,"status":"Released","title":"Girlfriends of Christmas Past","vote_average":0.0,"vote_count":0.0,"dt_current_timestamp":1621342636011},{"user_id":4615,"adult":"False","belongs_to_collection":null,"genres":"[{'id': 28, 'name': 'Action'}]","id":"55505","imdb_id":"tt0108346","original_language":"fr","original_title":"To Be the Best","overview":"Eric Kulhane, a member of the U.S. Kickboxing Team, lets his quick temper and obsessive love for beautiful Cheryl make him the perfect target for blackmail. In order to stop ruthless gambler from rigging the World Championship and killing Cheryl, Eric and his father, his American teammates and their most feared Chinese opponents join for an explosive climax which rocks the Las Vegas Strip.","popularity":"0.00195","production_companies":"[{'name': 'PM Entertainment Group', 'id': 1647}]","production_countries":"[{'iso_3166_1': 'US', 'name': 'United States of America'}]","release_date":"1993-08-03","revenue":0.0,"status":"Released","title":"To Be the Best","vote_average":9.0,"vote_count":1.0,"dt_current_timestamp":1621342636011},{"user_id":9959,"adult":"False","belongs_to_collection":null,"genres":"[{'id': 28, 'name': 'Action'}, {'id': 18, 'name': 'Drama'}]","id":"182127","imdb_id":"tt2495118","original_language":"en","original_title":"Yip Man: The Final Fight","overview":"In postwar Hong Kong, legendary Wing Chun grandmaster Ip Man is reluctantly called into action once more, when what begin as simple challenges from rival kung fu styles soon draw him into the dark and dangerous underworld of the Triads. Now, to defend life and honor, he has no choice but to fight one last time...","popularity":"1.54105","production_companies":"[{'name': 'Emperor Motion Pictures', 'id': 2726}]","production_countries":"[{'iso_3166_1': 'HK', 'name': 'Hong Kong'}, {'iso_3166_1': 'CN', 'name': 'China'}]","release_date":"2013-03-22","revenue":37884.0,"status":"Released","title":"Ip Man: The Final Fight","vote_average":6.0,"vote_count":131.0,"dt_current_timestamp":1621342636011},{"user_id":7577,"adult":"False","belongs_to_collection":null,"genres":"[{'id': 18, 'name': 'Drama'}, {'id': 35, 'name': 'Comedy'}, {'id': 10749, 'name': 'Romance'}]","id":"38171","imdb_id":"tt0048947","original_language":"en","original_title":"Anastasia","overview":"Russian exiles in Paris plot to collect ten million pounds from the Bank of England by grooming a destitute, suicidal girl to pose as heir to the Russian throne. While Bounin is coaching her he comes to believe she is really Anastasia. In the end the Empress must decide her claim.","popularity":"3.504149","production_companies":"[{'name': 'Twentieth Century Fox Film Corporation', 'id': 306}]","production_countries":"[{'iso_3166_1': 'US', 'name': 'United States of America'}]","release_date":"1956-12-13","revenue":0.0,"status":"Released","title":"Anastasia","vote_average":6.7,"vote_count":31.0,"dt_current_timestamp":1621342636011},{"user_id":2307,"adult":"False","belongs_to_collection":null,"genres":"[{'id': 16, 'name': 'Animation'}, {'id': 35, 'name': 'Comedy'}, {'id': 10751, 'name': 'Family'}, {'id': 10769, 'name': 'Foreign'}]","id":"51485","imdb_id":"tt1172587","original_language":"en","original_title":"Delhi Safari","overview":"The movie centers on a group of animals in a national park in Bombay trying to figure out a way to stop humans from building an apartment complex on their land.","popularity":"1.354611","production_companies":"[]","production_countries":"[]","release_date":"2012-10-19","revenue":0.0,"status":"Released","title":"Delhi Safari","vote_average":5.1,"vote_count":6.0,"dt_current_timestamp":1621342636011},{"user_id":5636,"adult":"False","belongs_to_collection":"{'id': 283579, 'name': 'Divergent Collection', 'poster_path': '\/nXuCj7NcsC2bPJlwD6t2l9ZTDnt.jpg', 'backdrop_path': '\/uExS9jcaFBM1wJhkn1Q1P0MFpv6.jpg'}","genres":"[{'id': 12, 'name': 'Adventure'}, {'id': 878, 'name': 'Science Fiction'}, {'id': 53, 'name': 'Thriller'}]","id":"262500","imdb_id":"tt2908446","original_language":"en","original_title":"Insurgent","overview":"Beatrice Prior must confront her inner demons and continue her fight against a powerful alliance which threatens to tear her society apart.","popularity":"27.887186","production_companies":"[{'name': 'Summit Entertainment', 'id': 491}, {'name': 'Mandeville Films', 'id': 10227}, {'name': 'Red Wagon Entertainment', 'id': 14440}, {'name': 'NeoReel', 'id': 24097}]","production_countries":"[{'iso_3166_1': 'US', 'name': 'United States of America'}]","release_date":"2015-03-18","revenue":295238201.0,"status":"Released","title":"Insurgent","vote_average":6.2,"vote_count":3921.0,"dt_current_timestamp":1621342636011},{"user_id":2095,"adult":"False","belongs_to_collection":null,"genres":"[{'id': 18, 'name': 'Drama'}, {'id': 10749, 'name': 'Romance'}]","id":"40885","imdb_id":"tt0050933","original_language":"en","original_title":"Sayonara","overview":"Air Force Major Lloyd Gruver (Marlon Brando) is reassigned to a Japanese air base, and is confronted with US racial prejudice against the Japanese people. The issue is compounded because a number of the soldiers become romantically involved with Japanese women, in defiance of US military policy. Ordinarily an officer who is by-the-book, Gruver must take a position when a buddy of his, an enlisted man Joe Kelly (Red Buttons) falls in love with a Japanese woman Katsumi (Miyoshi Umeki) and marries her. Gruver risks his position by serving as best man at the wedding ceremony.","popularity":"1.384634","production_companies":"[{'name': 'William Goetz Productions', 'id': 3473}, {'name': 'Pennebaker Productions', 'id': 10568}]","production_countries":"[{'iso_3166_1': 'US', 'name': 'United States of America'}]","release_date":"1957-12-05","revenue":0.0,"status":"Released","title":"Sayonara","vote_average":5.4,"vote_count":19.0,"dt_current_timestamp":1621342636011},{"user_id":3086,"adult":"False","belongs_to_collection":null,"genres":"[{'id': 99, 'name': 'Documentary'}]","id":"345519","imdb_id":"tt4660952","original_language":"en","original_title":"The Day the '60s Died","overview":"The Day the '60s Died chronicles May 1970, the month in which four students were shot dead at Kent State. The mayhem that followed has been called the most divisive moment in American history since the Civil War. From college campuses, to the jungles of Cambodia, to the Nixon White House, the film takes us back into that turbulent spring 45 years ago.","popularity":"0.097444","production_companies":"[{'name': 'Room 608', 'id': 55989}]","production_countries":"[{'iso_3166_1': 'US', 'name': 'United States of America'}]","release_date":"2015-04-28","revenue":0.0,"status":"Released","title":"The Day the '60s Died","vote_average":7.5,"vote_count":2.0,"dt_current_timestamp":1621342636011},{"user_id":4925,"adult":"False","belongs_to_collection":null,"genres":"[{'id': 18, 'name': 'Drama'}, {'id': 10749, 'name': 'Romance'}]","id":"199072","imdb_id":"tt0053450","original_language":"it","original_title":"Woman Obsessed","overview":"After her husband dies in a fire, a woman (Susan Hayward) is left to tend for her young son and the family farm on her own. Soon, she takes in a drifting handyman, they fall in love, and a resentment begins to build between the son and his new \"step-father\" who treats the boy harshly on purpose to prepare him for life on the frontier.","popularity":"0.91305","production_companies":"[{'name': 'Twentieth Century Fox Film Corporation', 'id': 306}]","production_countries":"[{'iso_3166_1': 'US', 'name': 'United States of America'}]","release_date":"1959-05-27","revenue":0.0,"status":"Released","title":"Woman Obsessed","vote_average":6.0,"vote_count":1.0,"dt_current_timestamp":1621342636011},{"user_id":8058,"adult":"False","belongs_to_collection":null,"genres":"[{'id': 35, 'name': 'Comedy'}]","id":"27550","imdb_id":"tt0827729","original_language":"en","original_title":"Nina Frisk","overview":"Nina Frisk is a flight attendant who loves flying. She is happy above the clouds, far away from her dysfunctional family and superficial love life. But then one day Nina meets Marcus and his son William, and falls helplessly in love. For the first time ever in her life, Nina begins to long for a family of her own. But Nina soon discovers that life on earth can be just as turbulent as in the sky.","popularity":"0.195066","production_companies":"[]","production_countries":"[{'iso_3166_1': 'SE', 'name': 'Sweden'}]","release_date":"2007-03-09","revenue":0.0,"status":"Released","title":"Nina Frisk","vote_average":5.1,"vote_count":4.0,"dt_current_timestamp":1621342636011},{"user_id":379,"adult":"False","belongs_to_collection":null,"genres":"[]","id":"401840","imdb_id":"tt3291632","original_language":"es","original_title":"School's out","overview":"Two high school kids mentored by a nightclub owner go on a mission to find their classmate when she is kidnapped by a secret society.","popularity":"0.207775","production_companies":"[]","production_countries":"[]","release_date":"2017-05-30","revenue":0.0,"status":"Released","title":"School's out","vote_average":0.0,"vote_count":0.0,"dt_current_timestamp":1621342636011},{"user_id":1195,"adult":"False","belongs_to_collection":null,"genres":"[{'id': 53, 'name': 'Thriller'}, {'id': 18, 'name': 'Drama'}, {'id': 9648, 'name': 'Mystery'}]","id":"307087","imdb_id":"tt2429278","original_language":"en","original_title":"The Ghost and the Whale","overview":"A man, Joseph, loses his wife at sea, then spirals deep into a world of confusion. The wife's brothers' need revenge! Joseph tries to tell anyone who will listen that a whale killed his beautiful Annabel Lee, but even he doesn't quite remember the truth. A journey into the depths of his mind, a conversation with a whale and blood thirsty brothers.","popularity":"0.055054","production_companies":"[]","production_countries":"[]","release_date":"2016-05-17","revenue":0.0,"status":"Released","title":"The Ghost and the Whale","vote_average":0.0,"vote_count":0.0,"dt_current_timestamp":1621342636011},{"user_id":123,"adult":"False","belongs_to_collection":null,"genres":"[{'id': 80, 'name': 'Crime'}, {'id': 18, 'name': 'Drama'}]","id":"21575","imdb_id":"tt1235166","original_language":"fr","original_title":"Un proph\u00e8te","overview":"Sentenced to six years in prison, Malik El Djebena (Tahar Rahim) is alone in the world and can neither read nor write. On his arrival at the prison, he seems younger and more brittle than the others detained there. At once he falls under the sway of a group of Corsicans who enforce their rule in the prison. As the 'missions' go by, he toughens himself and wins the confidence of the Corsican group.","popularity":"6.892315","production_companies":"[{'name': 'France 2 Cin\u00e9ma', 'id': 83}, {'name': 'BIM Distribuzione', 'id': 225}, {'name': 'Centre National de la Cin\u00e9matographie', 'id': 310}, {'name': 'Why Not Productions', 'id': 729}, {'name': 'Celluloid Dreams', 'id': 860}, {'name': 'Canal+', 'id': 5358}, {'name': 'Cin\u00e9Cin\u00e9ma', 'id': 6301}, {'name': 'Union G\u00e9n\u00e9rale Cin\u00e9matographique (UGC)', 'id': 7248}, {'name': 'R\u00e9gion Ile-de-France', 'id': 11246}, {'name': 'France 2 (FR2)', 'id': 11359}, {'name': 'Sofica Soficin\u00e9ma 4', 'id': 11397}, {'name': 'Sofica UGC 1', 'id': 11435}, {'name': 'Page 114', 'id': 11779}, {'name': 'Chic Films', 'id': 12398}, {'name': \"Conseil R\u00e9gional de Provence-Alpes C\u00f4te d'Azur\", 'id': 12399}, {'name': 'Soficin\u00e9ma 5', 'id': 12400}]","production_countries":"[{'iso_3166_1': 'FR', 'name': 'France'}, {'iso_3166_1': 'IT', 'name': 'Italy'}]","release_date":"2009-08-26","revenue":0.0,"status":"Released","title":"A Prophet","vote_average":7.5,"vote_count":398.0,"dt_current_timestamp":1621342636011},{"user_id":8466,"adult":"False","belongs_to_collection":null,"genres":"[{'id': 10402, 'name': 'Music'}, {'id': 35, 'name': 'Comedy'}]","id":"37128","imdb_id":"tt0025946","original_language":"ru","original_title":"\u0412\u0435\u0441\u0451\u043b\u044b\u0435 \u0440\u0435\u0431\u044f\u0442\u0430","overview":"Merry Fellows was the first Soviet musical comedy. Set in Odessa and Moscow in the 1930's. Shepherd Kostya Potekhin (Utyosov) is mistaken for an international concert star. He falls in love with Anyuta (Orlova) and plays the \"star\" for her. In a cascade of comic musical numbers he becomes the leader of a Jazz-Band and gives a hilarious show at the Odessa Music Hall. Now he is destined to perform at the Bolshoi Theatre in Moscow.","popularity":"0.768147","production_companies":"[{'name': 'Grading Dimension Pictures', 'id': 8362}, {'name': 'Moskinokombinat', 'id': 39053}]","production_countries":"[{'iso_3166_1': 'RU', 'name': 'Russia'}]","release_date":"1934-12-09","revenue":0.0,"status":"Released","title":"Jolly Fellows","vote_average":6.3,"vote_count":4.0,"dt_current_timestamp":1621342636011},{"user_id":20,"adult":"False","belongs_to_collection":null,"genres":"[]","id":"170094","imdb_id":"tt0850307","original_language":"en","original_title":"Liberty Kid","overview":"Liberty Kid is a 2007 low-budget American film that is directed by Ilya Chaiken. Two friends Derrick and Tico lost their jobs at a concession stand at the Statue of Liberty because of 9\/11. In order to make money, they become drug dealers and participate in insurance scams. Derrick wants to go to college and has to support his two kids. When recruiters from the army come, Derrick decides to join the army because he is told that he'll get money for college and live rent free. When he tells his mom his decision, she says that she is afraid that he'll have to go to war. The recruiter tells him that his mom is only worried because it is her job as a mom.","popularity":"0.010291","production_companies":"[{'name': 'Glass Eye Pix', 'id': 1360}]","production_countries":"[{'iso_3166_1': 'US', 'name': 'United States of America'}]","release_date":"2007-06-17","revenue":0.0,"status":"Released","title":"Liberty Kid","vote_average":8.0,"vote_count":1.0,"dt_current_timestamp":1621342636011},{"user_id":6405,"adult":"False","belongs_to_collection":null,"genres":"[{'id': 18, 'name': 'Drama'}, {'id': 36, 'name': 'History'}, {'id': 10752, 'name': 'War'}]","id":"94663","imdb_id":"tt0059776","original_language":"hu","original_title":"Szeg\u00e9nyleg\u00e9nyek","overview":"Set in a detention camp in Hungary in 1869 at a time of guerilla campaigns against the ruling Austrians.","popularity":"1.112254","production_companies":"[{'name': 'MAFILM IV. J\u00e1t\u00e9kfilmst\u00fadi\u00f3', 'id': 9059}]","production_countries":"[{'iso_3166_1': 'HU', 'name': 'Hungary'}]","release_date":"1966-01-06","revenue":0.0,"status":"Released","title":"The Round-Up","vote_average":6.0,"vote_count":13.0,"dt_current_timestamp":1621342636011},{"user_id":8616,"adult":"False","belongs_to_collection":null,"genres":"[{'id': 27, 'name': 'Horror'}, {'id': 878, 'name': 'Science Fiction'}]","id":"64108","imdb_id":"tt1337686","original_language":"en","original_title":"The Frankenstein Syndrome","overview":"Young Scientists Elizabeth Burns explores the impact on the human body stem cells. A specific feature of these cells to interact with dead flesh has been subjected to blackmail heroine is forced to continue chilling experiments. Once she recovers just killed a man and begins a nightmare, whose name is Frankenstein Syndrome ..","popularity":"2.219179","production_companies":"[{'name': 'Ominous Productions', 'id': 6887}, {'name': 'NWR Film Productions', 'id': 12413}]","production_countries":"[{'iso_3166_1': 'US', 'name': 'United States of America'}]","release_date":"2010-10-01","revenue":0.0,"status":"Released","title":"The Frankenstein Syndrome","vote_average":4.9,"vote_count":20.0,"dt_current_timestamp":1621342636011},{"user_id":5687,"adult":"False","belongs_to_collection":null,"genres":"[{'id': 10749, 'name': 'Romance'}, {'id': 878, 'name': 'Science Fiction'}, {'id': 27, 'name': 'Horror'}, {'id': 28, 'name': 'Action'}, {'id': 80, 'name': 'Crime'}]","id":"10017","imdb_id":"tt0092240","original_language":"en","original_title":"The Wraith","overview":"Packard Walsh and his motorized gang control and terrorize an Arizona desert town where they force drivers to drag-race so they can 'win' their vehicles. After Walsh beats the decent teenager Jamie Hankins to death after finding him with his girlfriend, a mysterious power creates Jake Kesey, an extremely cool motor-biker who has a car which is invincible. Jake befriends Jamie's girlfriend Keri Johnson, takes Jamie's sweet brother Bill under his wing and manages what Sheriff Loomis couldn't; eliminate Packard's criminal gang the hard way...","popularity":"7.657918","production_companies":"[{'name': 'New Century Entertainment Corporation', 'id': 10165}, {'name': 'Alliance Entertainment', 'id': 10166}, {'name': 'Turbo Productions', 'id': 59346}]","production_countries":"[{'iso_3166_1': 'US', 'name': 'United States of America'}, {'iso_3166_1': 'CA', 'name': 'Canada'}]","release_date":"1986-11-21","revenue":3500000.0,"status":"Released","title":"The Wraith","vote_average":5.9,"vote_count":109.0,"dt_current_timestamp":1621342636011},{"user_id":7404,"adult":"False","belongs_to_collection":"{'id': 123740, 'name': 'Vampire Karnstein (Hammer series)', 'poster_path': '\/dsMANCcvjdU6cbw6GUtYMoODti9.jpg', 'backdrop_path': '\/o8h3cj8cS9x3iBtzTC2UxNtneac.jpg'}","genres":"[{'id': 27, 'name': 'Horror'}]","id":"31952","imdb_id":"tt0066518","original_language":"en","original_title":"The Vampire Lovers","overview":"In the heart of Styria the Karnstein Family, even after their mortal deaths, rise from their tombs spreading evil in the countryside in their lust for fresh blood. Baron Hartog whose family are all victims of Karnstein vampirism, opens their graves and drives a stake through their diabolical hearts. One grave he cannot locate is that of the legendary beautiful Mircalla Karnstein. Years of peace follow that grisly night until Mircalla reappears to avenge her family's decimation and satisfy her desire for blood.","popularity":"3.448018","production_companies":"[{'name': 'Hammer Film Productions', 'id': 1314}]","production_countries":"[{'iso_3166_1': 'GB', 'name': 'United Kingdom'}]","release_date":"1970-10-04","revenue":0.0,"status":"Released","title":"The Vampire Lovers","vote_average":6.5,"vote_count":36.0,"dt_current_timestamp":1621342636011},{"user_id":3491,"adult":"False","belongs_to_collection":null,"genres":"[{'id': 18, 'name': 'Drama'}]","id":"353653","imdb_id":"tt0394837","original_language":"en","original_title":"A Town Has Turned to Dust","overview":"An innocent Mexican boy is sacrificed to a lynching mob by an ineffectual sheriff. The slaughter leads to a brooding darkness involving the remorseful relatives of the Mexican youngster and the sullen townspeople. Almost by a chain reaction there is established a second set of circumstances inviting a lynching of the Mexican's brother. Only this time the sheriff recaptures a shred of human dignity and saves the brother, if not the town.","popularity":"0.002361","production_companies":"[]","production_countries":"[{'iso_3166_1': 'US', 'name': 'United States of America'}]","release_date":"1958-06-19","revenue":0.0,"status":"Released","title":"A Town Has Turned to Dust","vote_average":0.0,"vote_count":0.0,"dt_current_timestamp":1621342636011},{"user_id":7762,"adult":"False","belongs_to_collection":null,"genres":"[{'id': 53, 'name': 'Thriller'}, {'id': 80, 'name': 'Crime'}, {'id': 18, 'name': 'Drama'}]","id":"281418","imdb_id":"tt2497980","original_language":"en","original_title":"The Lookalike","overview":"Two crooks looking out for a drug lord's love interest scramble to find a look-alike after she dies unexpectedly.","popularity":"3.602005","production_companies":"[{'name': 'Yellow Brick Films', 'id': 22062}, {'name': 'Emedia Films', 'id': 37004}]","production_countries":"[{'iso_3166_1': 'US', 'name': 'United States of America'}]","release_date":"2014-07-11","revenue":0.0,"status":"Released","title":"The Lookalike","vote_average":5.1,"vote_count":23.0,"dt_current_timestamp":1621342636011},{"user_id":9537,"adult":"False","belongs_to_collection":null,"genres":"[{'id': 18, 'name': 'Drama'}, {'id': 10749, 'name': 'Romance'}]","id":"43619","imdb_id":"tt1315962","original_language":"fr","original_title":"Partir","overview":"Suzanne is a well to do married woman and mother in the south of France. Her idle bourgeois lifestyle gets her down and she decides to go back to work as a physiotherapist. Her husband agrees to fix up a consulting room for her in their backyard. When Suzanne and the man hired to do the building meet, the mutual attraction is sudden and violent. Suzanne decides to give up everything and live this all engulfing passion to the fullest.","popularity":"2.334013","production_companies":"[{'name': 'Pyramide Productions', 'id': 186}, {'name': 'Angoa-Agicoa', 'id': 309}, {'name': 'Centre National de la Cin\u00e9matographie', 'id': 310}, {'name': 'Procirep', 'id': 311}, {'name': 'Cofinova 3', 'id': 2317}, {'name': 'Canal+', 'id': 5358}, {'name': 'Cin\u00e9Cin\u00e9ma', 'id': 6301}, {'name': 'Cam\u00e9ra One', 'id': 6454}, {'name': 'VMP', 'id': 12051}, {'name': 'Solaire Production', 'id': 12052}, {'name': 'Cofinova 5', 'id': 12053}, {'name': 'R\u00e9gion Languedoc-Roussillon', 'id': 12054}]","production_countries":"[{'iso_3166_1': 'FR', 'name': 'France'}]","release_date":"2009-08-12","revenue":0.0,"status":"Released","title":"Leaving","vote_average":5.8,"vote_count":23.0,"dt_current_timestamp":1621342636011},{"user_id":899,"adult":"False","belongs_to_collection":null,"genres":"[{'id': 99, 'name': 'Documentary'}]","id":"320882","imdb_id":"tt4136056","original_language":"en","original_title":"The Seven Five","overview":"Meet the dirtiest cop in NYC history. Michael Dowd stole money and dealt drugs while patrolling the streets of '80s Brooklyn.","popularity":"1.749022","production_companies":"[]","production_countries":"[]","release_date":"2014-11-14","revenue":0.0,"status":"Released","title":"The Seven Five","vote_average":7.8,"vote_count":26.0,"dt_current_timestamp":1621342636011},{"user_id":1754,"adult":"False","belongs_to_collection":null,"genres":"[{'id': 18, 'name': 'Drama'}, {'id': 878, 'name': 'Science Fiction'}, {'id': 10752, 'name': 'War'}]","id":"54919","imdb_id":"tt0064371","original_language":"en","original_title":"Gladiatorerna","overview":"Some time in the future, East and West have stopped maintaining standing armies and nuclear weapons. Instead, to settle their differences they pit different teams of crack combat specialists against each other.","popularity":"0.418236","production_companies":"[{'name': 'Sandrews', 'id': 1728}]","production_countries":"[{'iso_3166_1': 'SE', 'name': 'Sweden'}]","release_date":"1969-06-25","revenue":0.0,"status":"Released","title":"The Gladiators","vote_average":5.8,"vote_count":6.0,"dt_current_timestamp":1621342636011},{"user_id":3137,"adult":"False","belongs_to_collection":null,"genres":"[{'id': 35, 'name': 'Comedy'}, {'id': 27, 'name': 'Horror'}, {'id': 10769, 'name': 'Foreign'}]","id":"119586","imdb_id":"tt0080080","original_language":"en","original_title":"Vampire Hookers","overview":"This horror film revolves around a sinister vampire (John Carradine) who sends out a horde of undead beauties to bring back victims for his dinner.","popularity":"0.593445","production_companies":"[{'name': 'Cosa Nueva', 'id': 38157}]","production_countries":"[{'iso_3166_1': 'PH', 'name': 'Philippines'}]","release_date":"1978-07-01","revenue":0.0,"status":"Released","title":"Vampire Hookers","vote_average":4.8,"vote_count":4.0,"dt_current_timestamp":1621342636011},{"user_id":7600,"adult":"False","belongs_to_collection":null,"genres":"[]","id":"175910","imdb_id":"tt0348816","original_language":"en","original_title":"7 Days in September","overview":"A documentary about behind the scenes and what was going on in the streets of NY during and 7days after 9\/11.","popularity":"0.040398","production_companies":"[]","production_countries":"[]","release_date":"2002-09-06","revenue":0.0,"status":"Released","title":"7 Days in September","vote_average":8.0,"vote_count":1.0,"dt_current_timestamp":1621342636011},{"user_id":1891,"adult":"False","belongs_to_collection":null,"genres":"[{'id': 35, 'name': 'Comedy'}, {'id': 18, 'name': 'Drama'}]","id":"13996","imdb_id":"tt0914797","original_language":"en","original_title":"Bottle Shock","overview":"Paris-based wine expert Steven Spurrier heads to California in search of cheap wine that he can use for a blind taste test in the French capital. Stumbling upon the Napa Valley, the stuck-up Englishman is shocked to discover a winery turning out top-notch chardonnay. Determined to make a name for himself, he sets about getting the booze back to Paris.","popularity":"3.334353","production_companies":"[{'name': 'Zininsa Film Production', 'id': 7653}, {'name': 'Intellectual Properties Worldwide', 'id': 18524}]","production_countries":"[{'iso_3166_1': 'US', 'name': 'United States of America'}]","release_date":"2008-08-06","revenue":4040588.0,"status":"Released","title":"Bottle Shock","vote_average":6.6,"vote_count":60.0,"dt_current_timestamp":1621342636011},{"user_id":4866,"adult":"False","belongs_to_collection":null,"genres":"[]","id":"130458","imdb_id":"tt0483179","original_language":"en","original_title":"El tel\u00f3n de az\u00facar","overview":"A portrayal of the singular experience shared by people of her generation -- those living Cuba's utopian dream during the golden era of the revolution. It is also a lament for the end of that dream, which began to fizzle after the fall of the Berlin Wall.","popularity":"0.040229","production_companies":"[]","production_countries":"[{'iso_3166_1': 'ES', 'name': 'Spain'}, {'iso_3166_1': 'CU', 'name': 'Cuba'}, {'iso_3166_1': 'FR', 'name': 'France'}]","release_date":"2005-09-21","revenue":0.0,"status":"Released","title":"The Sugar Curtain","vote_average":5.0,"vote_count":1.0,"dt_current_timestamp":1621342636011},{"user_id":3362,"adult":"False","belongs_to_collection":null,"genres":"[{'id': 35, 'name': 'Comedy'}, {'id': 18, 'name': 'Drama'}, {'id': 10749, 'name': 'Romance'}, {'id': 10769, 'name': 'Foreign'}]","id":"120942","imdb_id":"tt2354407","original_language":"en","original_title":"Teri Meri Kahaani","overview":"Thrice upon a love story","popularity":"1.480336","production_companies":"[]","production_countries":"[]","release_date":"2012-06-21","revenue":0.0,"status":"Released","title":"Teri Meri Kahaani","vote_average":6.7,"vote_count":12.0,"dt_current_timestamp":1621342636011},{"user_id":3705,"adult":"False","belongs_to_collection":null,"genres":"[{'id': 12, 'name': 'Adventure'}, {'id': 35, 'name': 'Comedy'}, {'id': 10751, 'name': 'Family'}, {'id': 14, 'name': 'Fantasy'}, {'id': 9648, 'name': 'Mystery'}, {'id': 10749, 'name': 'Romance'}]","id":"110147","imdb_id":"tt0207275","original_language":"en","original_title":"The 10th Kingdom","overview":"Two centuries after Snow White and Cinderella had their adventures, the Nine Kingdoms ready themselves for the coronation of Prince Wendel, Snow White's grandson, to the throne of the Fourth Kingdom. But an evil once-queen has freed herself from prison, and turns the prince into a golden retriever. Wendel, by means of a magic mirror, escapes into a hitherto-unknown Tenth Kingdom (modern day New York City) and meets Virginia and her father Tony. Pursued by trolls, cops, and a wolf in man's form, the three blunder back into the Nine Kingdoms and begin their adventures to restore Wendel to his human form and throne, and find the magic mirror that will take Tony and Virginia back home, all the while unknowing that Virginia already has a connection to the Nine Kingdoms that may prove deadly before we reach Happily Ever After.","popularity":"3.738876","production_companies":"[]","production_countries":"[{'iso_3166_1': 'DE', 'name': 'Germany'}, {'iso_3166_1': 'GB', 'name': 'United Kingdom'}, {'iso_3166_1': 'US', 'name': 'United States of America'}]","release_date":"2000-02-25","revenue":0.0,"status":"Released","title":"The 10th Kingdom","vote_average":7.5,"vote_count":51.0,"dt_current_timestamp":1621342636011},{"user_id":4079,"adult":"False","belongs_to_collection":null,"genres":"[{'id': 27, 'name': 'Horror'}, {'id': 53, 'name': 'Thriller'}]","id":"112460","imdb_id":"tt0352526","original_language":"en","original_title":"London Voodoo","overview":"When ambitious analyst Lincoln Mathers (played by Doug Cockle) relocates his family from New York to London, his wife Sarah (Sara Stewart) discovers a new disturbing power and becomes hostage to an ancient spirit. As Mathers notices that the family is tearing apart and that his wife's behavior becomes more violent and erratic, he accepts that to save the woman he married he must take a leap of faith.  London Voodoo is one of the few films about voodoo to show the belief system in a positive light. Here, it's \"work\" that's evil. The film shows multicultural voodoo followers in a contemporary urban setting (London). As research for the script, the filmmakers travelled to Cuba, Miami and New Orleans to experience voodoo first hand.","popularity":"0.456527","production_companies":"[{'name': 'Zen Films', 'id': 22057}]","production_countries":"[{'iso_3166_1': 'GB', 'name': 'United Kingdom'}]","release_date":"2004-02-02","revenue":0.0,"status":"Released","title":"London Voodoo","vote_average":4.0,"vote_count":1.0,"dt_current_timestamp":1621342636011},{"user_id":4492,"adult":"False","belongs_to_collection":null,"genres":"[{'id': 18, 'name': 'Drama'}]","id":"115239","imdb_id":"tt0240221","original_language":"en","original_title":"Wojaczek","overview":"x","popularity":"0.054685","production_companies":"[]","production_countries":"[]","release_date":"1999-11-05","revenue":0.0,"status":"Released","title":"Wojaczek","vote_average":5.0,"vote_count":1.0,"dt_current_timestamp":1621342636011},{"user_id":4796,"adult":"False","belongs_to_collection":null,"genres":"[{'id': 10402, 'name': 'Music'}, {'id': 35, 'name': 'Comedy'}, {'id': 18, 'name': 'Drama'}]","id":"299513","imdb_id":"tt3520698","original_language":"en","original_title":"Drumline: A New Beat","overview":"A girl from New York attends a college in Atlanta to join their once-famous marching band.","popularity":"1.439209","production_companies":"[{'name': 'Fox Television Studios', 'id': 6529}, {'name': 'VH1 Television', 'id': 10692}]","production_countries":"[{'iso_3166_1': 'US', 'name': 'United States of America'}]","release_date":"2014-10-27","revenue":0.0,"status":"Released","title":"Drumline: A New Beat","vote_average":5.8,"vote_count":13.0,"dt_current_timestamp":1621342636011},{"user_id":4090,"adult":"False","belongs_to_collection":null,"genres":"[{'id': 14, 'name': 'Fantasy'}, {'id': 18, 'name': 'Drama'}]","id":"75204","imdb_id":"tt1959409","original_language":"en","original_title":"Imaginaerum","overview":"Imaginaerum tells the story of an elderly composer, Tom, who suffers from severe dementia. As he has had the disease for years and has regressed into childhood, he remembers practically nothing from his adult life. His music, friends, all his past including the memory of his daughter are a blur in his fragile mind. All he has left is the imagination of a ten year old boy. As he drifts away into coma, it seems impossible to get back what he has lost. Or is it?","popularity":"2.937484","production_companies":"[{'name': 'Capelight Pictures', 'id': 14551}, {'name': 'Al!ve AG', 'id': 14552}]","production_countries":"[{'iso_3166_1': 'FI', 'name': 'Finland'}, {'iso_3166_1': 'CA', 'name': 'Canada'}]","release_date":"2012-11-10","revenue":0.0,"status":"Released","title":"Imaginaerum","vote_average":5.7,"vote_count":62.0,"dt_current_timestamp":1621342636011},{"user_id":6506,"adult":"False","belongs_to_collection":"{'id': 415931, 'name': 'The Bowery Boys', 'poster_path': '\/q6sA4bzMT9cK7EEmXYwt7PNrL5h.jpg', 'backdrop_path': '\/foe3kuiJmg5AklhtD3skWbaTMf2.jpg'}","genres":"[{'id': 35, 'name': 'Comedy'}]","id":"174195","imdb_id":"tt0046210","original_language":"en","original_title":"Private Eyes","overview":"After being punched in the nose, Sach finds out that he has the ability to read minds. Slip and the gang start up a detective agency try to cash in on Sach's new powers.","popularity":"0.158484","production_companies":"[{'name': 'Monogram Pictures', 'id': 4395}]","production_countries":"[{'iso_3166_1': 'US', 'name': 'United States of America'}]","release_date":"1953-12-06","revenue":0.0,"status":"Released","title":"Private Eyes","vote_average":8.0,"vote_count":1.0,"dt_current_timestamp":1621342636011},{"user_id":7676,"adult":"False","belongs_to_collection":"{'id': 256729, 'name': 'War Trilogy', 'poster_path': '\/zQh90nJedtEhCTb2z5hRq927iVB.jpg', 'backdrop_path': None}","genres":"[{'id': 18, 'name': 'Drama'}, {'id': 36, 'name': 'History'}]","id":"307","imdb_id":"tt0038890","original_language":"it","original_title":"Roma citt\u00e0 aperta","overview":"Open City is a landmark in film history. Filmed in secrecy during the Nazi occupation of Italy, the film shows a realistic portrayal of the underground resistance in Italy in 1945. The film has strong impacting imagery with it\u2019s mix of fiction and reality that strengthened Italian Neo-realism and the film industry.","popularity":"6.130177","production_companies":"[{'name': 'Minerva Film SpA', 'id': 153}, {'name': 'Excelsa Films', 'id': 193}]","production_countries":"[{'iso_3166_1': 'IT', 'name': 'Italy'}]","release_date":"1945-09-27","revenue":0.0,"status":"Released","title":"Rome, Open City","vote_average":7.9,"vote_count":123.0,"dt_current_timestamp":1621342636011},{"user_id":9466,"adult":"False","belongs_to_collection":null,"genres":"[{'id': 10749, 'name': 'Romance'}, {'id': 18, 'name': 'Drama'}, {'id': 36, 'name': 'History'}]","id":"297789","imdb_id":"tt4163138","original_language":"ru","original_title":"\u0410\u043d\u0433\u0435\u043b\u044b \u0440\u0435\u0432\u043e\u043b\u044e\u0446\u0438\u0438","overview":"Five friends \u2013 a poet, an actor, a painter, an architect and a primitivist film director \u2013 are five red avant-garde artists who try to find the embodiment of their hopes and dreams in the young Soviet state. The Revolution is boiling up like a bottle with apple cider: winged service dogs and heart-shaped potatoes, dead Semashko, the People\u2019s Commissar for Health, and cheerful angels, love for the Tsar and love for the young secretary Annushka, executions and pregnancies \u2013 everything is interlaced and inseparable!","popularity":"0.290199","production_companies":"[{'name': 'Krasnaya Strela', 'id': 3006}]","production_countries":"[{'iso_3166_1': 'RU', 'name': 'Russia'}]","release_date":"2014-11-05","revenue":0.0,"status":"Released","title":"Angels of Revolution","vote_average":6.8,"vote_count":5.0,"dt_current_timestamp":1621342636011},{"user_id":1867,"adult":"False","belongs_to_collection":null,"genres":"[{'id': 12, 'name': 'Adventure'}, {'id': 37, 'name': 'Western'}]","id":"9627","imdb_id":"tt0059538","original_language":"de","original_title":"Old Surehand","overview":"Old Surehand and his faithful old friend Old Wabble are on the trail of a cold-blooded killer with the nickname 'The General'. The brother of Old Surehand was murdered by him. On the way Old Surehand and Old Wabble are involved in the running conflict between settlers and Comanches who are likely to go on the war path. Old Surehand can count on the support of his friend and blood brother Winnetou, the amiable chief of the Apaches. Written by Robert","popularity":"1.720155","production_companies":"[{'name': 'Jadran Film', 'id': 168}, {'name': 'Rialto Film Preben-Philipsen', 'id': 3602}]","production_countries":"[{'iso_3166_1': 'DE', 'name': 'Germany'}, {'iso_3166_1': 'HR', 'name': 'Croatia'}]","release_date":"1965-12-14","revenue":0.0,"status":"Released","title":"Flaming Frontier","vote_average":5.5,"vote_count":16.0,"dt_current_timestamp":1621342636011},{"user_id":5445,"adult":"False","belongs_to_collection":null,"genres":"[{'id': 18, 'name': 'Drama'}]","id":"655","imdb_id":"tt0087884","original_language":"en","original_title":"Paris, Texas","overview":"A man wanders out of the desert not knowing who he is. His brother finds him, and helps to pull his memory back of the life he led before he walked out on his family and disappeared four years earlier.","popularity":"11.635837","production_companies":"[{'name': 'Channel Four Films', 'id': 181}, {'name': 'Pro-ject Filmproduktion', 'id': 1448}, {'name': 'Argos Films', 'id': 6116}, {'name': 'Westdeutscher Rundfunk (WDR)', 'id': 7025}, {'name': 'Road Movies Filmproduktion', 'id': 8366}, {'name': 'Wim Wenders Stiftung', 'id': 36229}]","production_countries":"[{'iso_3166_1': 'DE', 'name': 'Germany'}, {'iso_3166_1': 'FR', 'name': 'France'}, {'iso_3166_1': 'GB', 'name': 'United Kingdom'}, {'iso_3166_1': 'US', 'name': 'United States of America'}]","release_date":"1984-05-19","revenue":2181987.0,"status":"Released","title":"Paris, Texas","vote_average":7.7,"vote_count":282.0,"dt_current_timestamp":1621342636011},{"user_id":3322,"adult":"False","belongs_to_collection":null,"genres":"[{'id': 35, 'name': 'Comedy'}, {'id': 80, 'name': 'Crime'}, {'id': 10749, 'name': 'Romance'}]","id":"2166","imdb_id":"tt0120013","original_language":"en","original_title":"The Revengers' Comedies","overview":"After saving each other from jumping off a bridge, Henry Bell (Sam Neill) and Karen Knightly (Helena Bonham Carter) plot to avenge the people who drove them to suicide. Henry will ruin the life of the woman (Kristin Scott Thomas) who married Karen's boyfriend, while Karen will work as a secretary for the man (Steve Coogan) who took Henry's job. Whether revenge will be sweet \u2013 or bittersweet \u2013 is anyone's guess.","popularity":"1.537225","production_companies":"[{'name': 'Arts Council of England', 'id': 718}, {'name': 'Home Box Office (HBO)', 'id': 3268}, {'name': 'IMA Productions', 'id': 4790}, {'name': 'France 2 Cin\u00e9ma', 'id': 15671}]","production_countries":"[{'iso_3166_1': 'FR', 'name': 'France'}, {'iso_3166_1': 'GB', 'name': 'United Kingdom'}]","release_date":"1998-06-09","revenue":0.0,"status":"Released","title":"The Revengers' Comedies","vote_average":3.8,"vote_count":7.0,"dt_current_timestamp":1621342636011},{"user_id":4454,"adult":"False","belongs_to_collection":null,"genres":"[{'id': 18, 'name': 'Drama'}]","id":"256108","imdb_id":"tt3032028","original_language":"en","original_title":"Zwischen Welten","overview":"Jesper is a soldier in the German army, who reports for a new tour of duty in Afghanistan. His unit is to protect a village from the Taliban.","popularity":"1.046439","production_companies":"[{'name': 'Arte', 'id': 201}, {'name': 'Zweites Deutsches Fernsehen (ZDF)', 'id': 4606}, {'name': 'Gei\u00dfend\u00f6rfer Film- und Fernsehproduktion (GFF)', 'id': 13537}, {'name': 'Independent Artists Filmproduktion', 'id': 83619}]","production_countries":"[{'iso_3166_1': 'DE', 'name': 'Germany'}]","release_date":"2014-02-11","revenue":0.0,"status":"Released","title":"Inbetween Worlds","vote_average":5.7,"vote_count":11.0,"dt_current_timestamp":1621342636011},{"user_id":2188,"adult":"False","belongs_to_collection":null,"genres":"[{'id': 36, 'name': 'History'}, {'id': 99, 'name': 'Documentary'}]","id":"135787","imdb_id":"tt0152444","original_language":"en","original_title":"The Silver Screen: Color Me Lavender","overview":"A film scrapbook, images, phrases from our past, hiding their meanings behind veils. Let's lift those veils, one by one, to find how images, at one time seeming innocent, have revealed, after decades, to have homosexual overtones.","popularity":"0.075111","production_companies":"[]","production_countries":"[]","release_date":"1997-11-01","revenue":0.0,"status":"Released","title":"The Silver Screen: Color Me Lavender","vote_average":0.0,"vote_count":0.0,"dt_current_timestamp":1621342636011},{"user_id":4660,"adult":"False","belongs_to_collection":null,"genres":"[{'id': 18, 'name': 'Drama'}, {'id': 10751, 'name': 'Family'}]","id":"404829","imdb_id":"tt4948040","original_language":"en","original_title":"Emma's Chance","overview":"While fulfilling her community service hours at a horse rescue ranch, Emma forms an unlikely bond with an abused show horse who won't let anyone ride him.","popularity":"1.868918","production_companies":"[]","production_countries":"[]","release_date":"2016-07-05","revenue":0.0,"status":"Released","title":"Emma's Chance","vote_average":5.4,"vote_count":24.0,"dt_current_timestamp":1621342636011},{"user_id":5955,"adult":"False","belongs_to_collection":null,"genres":"[{'id': 18, 'name': 'Drama'}]","id":"68692","imdb_id":"tt0060050","original_language":"en","original_title":"7 Women","overview":"In a mission in China in 1935, Agatha Andrews is a rigid missionary beset by Mongolian bandits led by Warlord chief Tunga Khan. With her are her assistant Jane Argent, staff members Emma Clark, Miss Russell and Miss Binns, head of the British mission, Charles Pather, a teacher at the mission and his pregnant wife Florrie. When Dr. D.R. Cartwright arrives, she agrees to sacrifice herself to the Tunga Khan in exchange for his letting the ladies go free.","popularity":"0.999041","production_companies":"[{'name': 'Metro-Goldwyn-Mayer (MGM)', 'id': 8411}, {'name': 'John Ford Productions', 'id': 10698}, {'name': 'Bernard Smith Productions', 'id': 12440}]","production_countries":"[{'iso_3166_1': 'US', 'name': 'United States of America'}]","release_date":"1966-01-05","revenue":0.0,"status":"Released","title":"7 Women","vote_average":5.7,"vote_count":13.0,"dt_current_timestamp":1621342636011},{"user_id":6724,"adult":"False","belongs_to_collection":null,"genres":"[{'id': 28, 'name': 'Action'}, {'id': 12, 'name': 'Adventure'}, {'id': 18, 'name': 'Drama'}, {'id': 53, 'name': 'Thriller'}]","id":"15071","imdb_id":"tt0770806","original_language":"en","original_title":"The Contractor","overview":"Former CIA Operative, James Dial is coaxed back into action to kill a terrorist in London, but it all goes wrong and he is forced into hiding, where he meets and befriends a 12 year old girl.","popularity":"3.013828","production_companies":"[{'name': 'April Productions', 'id': 3026}, {'name': 'Chaintron', 'id': 3027}, {'name': 'RMA Productions', 'id': 3028}]","production_countries":"[{'iso_3166_1': 'BG', 'name': 'Bulgaria'}, {'iso_3166_1': 'GB', 'name': 'United Kingdom'}, {'iso_3166_1': 'US', 'name': 'United States of America'}]","release_date":"2007-07-10","revenue":0.0,"status":"Released","title":"The Contractor","vote_average":5.4,"vote_count":33.0,"dt_current_timestamp":1621342636011},{"user_id":269,"adult":"False","belongs_to_collection":"{'id': 397848, 'name': 'Magic Kid Collection', 'poster_path': None, 'backdrop_path': None}","genres":"[{'id': 28, 'name': 'Action'}, {'id': 10751, 'name': 'Family'}, {'id': 35, 'name': 'Comedy'}]","id":"215405","imdb_id":"tt0107482","original_language":"en","original_title":"Magic Kid","overview":"Karate action and laughs never cease when a brother and sister go to California to visit their uncle. They soon discover that he's an alcoholic on the run from the Mob who want him to pay up or else...","popularity":"0.696532","production_companies":"[{'name': 'PM Entertainment Group', 'id': 1647}]","production_countries":"[{'iso_3166_1': 'US', 'name': 'United States of America'}]","release_date":"1993-10-27","revenue":0.0,"status":"Released","title":"Magic Kid","vote_average":4.5,"vote_count":4.0,"dt_current_timestamp":1621342636011},{"user_id":5815,"adult":"False","belongs_to_collection":null,"genres":"[{'id': 18, 'name': 'Drama'}]","id":"392124","imdb_id":"tt4494706","original_language":"fr","original_title":"Tout de suite maintenant","overview":"Workplace drama doesn\u2019t get any messier than in this intriguingly knotty tale of corporate backbiting and buried secrets. Nora (Agathe Bonitzer) is a bright young professional whose new job at a financial firm turns out to be a trial by fire when she learns that her bosses (Lambert Wilson and Pascal Greggory) share a tumultuous history with her prickly mathematician father (Jean-Pierre Bacri). Meanwhile, an interoffice romance with a competitive colleague (Vincent Lacoste) leads to even more complications, leaving Nora to navigate a minefield of delicate relationships as she climbs the corporate ladder. Isabelle Huppert costars and delivers a typically multi-layered performance as one of many sharply etched characters populating this complex moral tale.","popularity":"1.153504","production_companies":"[{'name': 'France 2 Cin\u00e9ma', 'id': 83}, {'name': 'Samsa Film', 'id': 790}, {'name': 'sms productions', 'id': 75297}]","production_countries":"[{'iso_3166_1': 'LU', 'name': 'Luxembourg'}, {'iso_3166_1': 'FR', 'name': 'France'}]","release_date":"2016-06-22","revenue":0.0,"status":"Released","title":"Right Here Right Now","vote_average":4.6,"vote_count":8.0,"dt_current_timestamp":1621342636011}]